3374 5272
1385 354 1426 436 39

255 532 411 636 Peuting.
432 533 487 612 ed.
510 534 713 630 Desjardins
741 567 772 638 p.
810 550 896 636 133),
917 535 1011 637 quod
1041 570 1135 640 7—-9
1162 543 1285 616 diebus
1308 547 1430 618 Caesar

253 664 443 760 perfecisse
474 664 645 760 putandus
672 681 734 736 est.
765 668 886 763 Quare
912 683 1061 738 exeunte
1090 693 1207 739 mense
1234 669 1428 764 Septembri

252 787 457 860 seditionem
477 791 520 861 ab
539 814 583 860 eo
602 788 754 860 sedatam
775 815 852 860 esse
871 789 1024 861 arbitror.

289 907 322 974 67
342 913 455 1006 Vulgo
473 912 516 984 ad
540 930 721 984 exeuntem
747 939 899 984 mensem
925 916 1159 987 Nouembrem
1175 916 1430 988 Caesarisredi-

254 1053 321 1108 tum
341 1036 492 1108 referunt
511 1037 566 1130 (cf.
587 1037 778 1132 Zumptium
799 1039 817 1107 Ι.
839 1040 857 1107 l.
884 1063 914 1133 p.
947 1040 1034 1125 2063
1065 1041 1101 1110 L.
1133 1041 1308 1137 Langium,
1337 1039 1431 1111 Anti-

254 1160 335 1256 quit.
359 1163 460 1232 Rom.
482 1163 523 1232 111
543 1186 573 1256 p.
596 1161 690 1255 410),
710 1162 789 1233 inde
809 1163 968 1257 profecti,
989 1181 1023 1234 ut
1042 1164 1184 1252 videtur,
1205 1163 1300 1261 quod
1320 1163 1430 1236 statim

257 1301 333 1380 post
350 1283 531 1356 adventum
552 1284 754 1357 dictaturam
773 1288 896 1358 Caesar
915 1287 1035 1374 inierit,
1065 1305 1142 1384 post
1170 1289 1328 1361 undecim
1357 1289 1431 1360 dies

258 1407 309 1480 iila
327 1434 364 1480 se
382 1408 605 1489 abdicaverit,
625 1409 752 1482 deinde
771 1411 880 1483 statim
901 1412 944 1484 ab
960 1414 1043 1484 urbe
1059 1414 1235 1508 proiectus
1250 1414 1301 1484 sit.
1322 1417 1430 1501 Unus,

254 1550 416 1630 quantum
436 1533 539 1605 video
559 1536 596 1605 F.
622 1535 798 1607 Hosmann
818 1535 849 1606 in
878 1538 993 1608 tabula
1020 1538 1270 1633 chronologica
1296 1540 1339 1610 ab
1367 1540 1431 1609 hac

254 1659 423 1730 sententia
442 1660 595 1747 recessit,
624 1684 685 1755 per
704 1676 796 1731 totos
816 1663 1011 1733 Octobrem
1031 1679 1066 1733 et
1087 1665 1322 1735 Nouembrem
1339 1689 1433 1735 men-

255 1808 309 1855 ses
337 1784 514 1855 Caesarem
549 1787 673 1856 Romae
700 1801 868 1856 versatum
897 1811 974 1857 esse
1002 1803 1164 1873 statuens
1197 1787 1292 1859 cuius
1320 1805 1432 1860 tamen

256 1909 436 1979 sententiae
455 1909 620 1980 rationem
642 1935 709 1980 non
729 1909 897 1981 reddidit.=

328 2035 402 2115 dam
424 2057 488 2104 una
507 2058 560 2104 res
579 2033 690 2104 statim
718 2037 833 2106 obstat
859 2034 1003 2130 Zumptii
1032 2052 1067 2106 et
1095 2035 1211 2131 Langii
1240 2036 1431 2123 sententiae,

258 2156 289 2226 in
308 2183 376 2253 qua
395 2157 470 2228 illos
490 2184 556 2229 non
576 2159 763 2230 offendisse
782 2160 861 2231 satis
880 2161 997 2231 mirum
1018 2176 1088 2231 est:
1107 2186 1180 2231 nam
1197 2159 1279 2255 quid
1295 2160 1432 2232 tandem

257 2297 331 2353 toto
350 2282 407 2353 illo
427 2299 594 2377 tempore,
616 2283 710 2378 quod
739 2283 931 2356 intercessit
959 2284 1044 2356 inter
1070 2301 1252 2356 exeuntem
1282 2311 1432 2357 mensem

259 2408 510 2502 Septembrem,
531 2434 601 2501 quo
617 2407 820 2480 seditionem
843 2409 1077 2480 placentinam
1098 2409 1240 2488 sedavit,
1254 2426 1289 2481 et
1308 2435 1436 2482 exeun-

259 2547 325 2602 tem
355 2557 505 2603 mensem
537 2533 784 2614 Nouembrem,
812 2535 991 2605 Caesarem
1018 2534 1130 2629 egisse
1158 2539 1366 2607 statuamus?
1394 2559 1434 2606 an

260 2656 351 2726 bello
371 2655 468 2727 huius
486 2656 563 2727 anni
578 2657 755 2741 consecto,
775 2657 893 2728 sedata
910 2657 1048 2729 militum
1064 2658 1233 2730 seditione
1248 2659 1435 2756 quidquam

260 2779 429 2876 antiquius
456 2782 645 2853 Caesarem
674 2782 833 2852 habuisse
861 2782 1061 2867 iudicemus,
1094 2809 1194 2879 quam
1224 2801 1258 2855 ut
1287 2787 1434 2855 Romam

260 2922 487 2977 reverteretur
518 2907 709 3001 multasque
737 2932 791 2978 res
820 2931 904 3003 quas
932 2907 1076 2980 infectas
1104 2908 1289 2980 discedens
1317 2934 1435 2980 mense

259 3029 364 3124 Aprili
384 3029 567 3126 reliquerat
585 3031 628 3103 ad
648 3033 748 3102 finem
769 3031 976 3126 perduceret
987 3034 1016 3102 t*

336 3154 474 3253 Quodsi
494 3175 672 3227 auctorum
692 3172 844 3227 veterum
864 3156 1057 3228 testimonia
1075 3182 1331 3252 percensemuS,
1352 3183 1437 3230 unus

266 3279 336 3350 Dio
356 3279 401 3351 ita
420 3305 490 3350 rem
509 3297 654 3368 enarrat,
683 3297 718 3352 ut
736 3283 812 3375 plus
839 3306 940 3376 quam
968 3280 1128 3353 undecim
1155 3281 1230 3353 illos
1257 3282 1437 3355 dictaturae

263 3403 336 3476 dies
356 3406 533 3476 Caesarem
554 3407 680 3476 Romae
698 3422 947 3477 commoratum
962 3431 1039 3478 esse
1054 3422 1195 3493 statuat;
1211 3407 1254 3478 cs.
1276 3433 1334 3499 41,
1350 3408 1403 3503 36,
1418 3432 1435 3478 2

263 3553 338 3625 sqq.
358 3526 503 3624 ὑπέστη
527 3526 610 3624 μὲν
635 3523 705 3626 τὴν
731 3523 854 3627 ἀρχὴν
879 3530 966 3603 ἐπεὶ
990 3536 1144 3626 πρῶτον
1161 3531 1202 3619 ἐς
1226 3524 1297 3627 τὴν
1322 3526 1439 3604 πόλιν

263 3649 459 3751 aonidae,
483 3653 609 3726 deinde
641 3671 823 3750 postquam
847 3680 927 3750 quae
954 3655 1039 3726 intra
1065 3655 1267 3727 dictaturam
1293 3655 1438 3751 gesserit

264 3778 441 3866 enarravit,
461 3778 629 3849 dictatura
647 3803 724 3849 eum
743 3802 780 3850 se
799 3778 980 3850 abdicasse
998 3779 1142 3851 affirmat
1161 3796 1196 3851 et
1213 3780 1310 3852 aliam
1331 3805 1438 3875 quan-

341 3993 350 4013 ·
370 3990 424 4035 Has
442 3988 619 4049 intelligendas
637 4003 695 4036 esse
713 4003 809 4037 censeo
828 3991 937 4036 Caesaris
956 3992 1013 4038 ioco
1034 3992 1051 4037 il
1073 3993 1107 4049 18,
1128 4004 1149 4049 7,
1164 4004 1217 4050 quo
1234 3999 1351 4051 tempore
1369 3991 1440 4038 dedi-

265 4079 339 4125 tionis
364 4078 555 4124 Airanianorum
580 4078 675 4125 «multis
702 4080 904 4138 necessariisque
929 4080 1021 4126 rebus»
1047 4094 1105 4127 sese
1131 4082 1153 4127 in
1173 4081 1266 4127 ltaliam
1293 4089 1439 4128 revocatum

267 4181 325 4214 esse
343 4168 455 4226 aitirmat,
476 4168 518 4214 ubi
544 4181 590 4214 eos
613 4168 655 4226 qui
674 4166 706 4214 de
735 4166 862 4215 seditione
888 4168 1033 4215 Placentina
1057 4170 1200 4229 cogitabant
1227 4176 1298 4217 recte
1323 4168 1439 4216 refutavit

269 4256 393 4302 Hoimann
413 4270 497 4315 neque
515 4265 599 4302 tamen
617 4270 650 4302 eo
667 4266 818 4316 argumento
846 4271 906 4304 usus
930 4265 977 4307 est.
1003 4257 1074 4317 quod
1101 4258 1154 4317 ipsa
1181 4258 1247 4319 tegio
1271 4271 1344 4314 nona,
1364 4270 1439 4317 quam

268 4343 398 4390 seditionis
416 4346 555 4405 principem
575 4346 651 4391 luisse
667 4353 764 4391 constat
783 4345 824 4408 (cs.
844 4350 910 4406 App.
932 4346 950 4391 ii
970 4348 1008 4406 47)
1026 4359 1107 4405 usque
1125 4346 1157 4392 ad
1176 4361 1189 4404 4
1208 4347 1275 4392 Sext.
1294 4345 1363 4406 apud
1382 4345 1439 4391 Cae-

268 4447 350 4479 sarem
368 4432 390 4477 in
410 4433 531 4493 Hispania
549 4434 636 4480 mansit
654 4435 661 4493 i
680 4433 694 4478 s.
716 4434 782 4480 Caes.
804 4434 868 4490 187,
887 4447 919 4491 43
937 4446 974 4494 45,
995 4435 1026 4495 2).
