3374 5272
261 424 305 492 ab

259 627 306 699 ria
332 626 406 699 lore
437 627 625 709 videbatur,
651 652 734 709 ‚cum
768 627 859 701 Sulla
886 645 1075 724 comparat,
1103 623 1263 723 neglecto
1291 620 1433 722 partium

257 776 277 823 a
307 752 430 847 quibus
461 752 608 848 prolecti
644 771 719 824 sunt
752 753 959 841 discrimine,
988 777 1086 824 unam
1115 752 1209 848 regni
1236 749 1433 847 cupidinem

257 902 408 973 quaeque
427 902 504 949 cum
525 878 579 949 illa
597 879 776 950 cohaerent
794 878 825 948 in
844 877 1136 974 comparationem
1165 901 1292 948 vocans
1318 874 1362 947 cl.
1389 874 1435 947 ad

256 1000 1431 1102 ntt.V117,7;V111n,2;1x10‚3;15‚2;XI21,3;ad.tam.

258 1130 336 1198 XIII
356 1129 388 1211 8,
403 1151 440 1214 23
463 1127 610 1223 Philipp.
636 1127 777 1226 5,(),17.
798 1127 843 1200 de
862 1127 917 1199 oll.
940 1131 951 1198 I
978 1152 1104 1221 ¹4‚433
1126 1129 1151 1197 Il
1171 1128 1203 1214 8,
1218 1151 1271 1221 27.

328 1254 402 1322 Iam
430 1250 455 1321 si
483 1251 560 1322 baec
590 1267 788 1346 spectamus
815 1268 958 1347 apparet
986 1277 1052 1323 non
1082 1267 1148 1323 tam
1178 1250 1327 1346 ineptam
1355 1272 1432 1319 esse

255 1375 357 1448 Caelii
377 1375 681 1471 comparationem,
713 1402 814 1471 quarn
835 1377 945 1473 primo
963 1378 1083 1449 obtutu
1103 1376 1173 1449 visa
1191 1393 1261 1462 est,
1290 1375 1321 1447 ei
1341 1374 1431 1446 enim

255 1500 313 1594 qui
332 1515 453 1572 contra
473 1501 687 1596 Pompeium,
707 1502 808 1573 Sullae
827 1503 1004 1589 asseclam,
1033 1501 1150 1572 liberae
1177 1499 1272 1596 quasi
1300 1499 1346 1570 rei
1371 1523 1433 1594 pu-

257 1624 357 1697 blicae
377 1624 539 1697 defensor
557 1642 696 1696 exortus
715 1642 778 1707 est,
798 1626 928 1698 Cicero
947 1651 984 1698 se
1000 1625 1106 1721 ipsum
1126 1641 1303 1721 comparat
1313 1640 1434 1695 contra

255 1751 444 1837 Caesarem,
475 1752 616 1822 alterum
649 1751 773 1821 Sullam
801 1776 903 1845 quern
936 1752 1088 1847 putabat,
1119 1775 1212 1822 arma
1242 1766 1430 1845 capturum.

255 1873 402 1946 Accedit
423 1873 517 1968 quod
545 1874 623 1946 vitae
649 1874 808 1970 quaedam
836 1874 1020 1946 similitudo
1048 1875 1133 1945 inter
1159 1874 1368 1945 Ciceronem
1397 1890 1432 1943 et

255 2000 401 2072 Caelium
422 1999 669 2087 intercedebat,
689 2000 768 2096 quia
787 1999 842 2071 hic
861 2025 1002 2096 quoque
1023 2001 1126 2070 homo
1146 2024 1252 2070 novus
1270 1996 1314 2070 ad
1341 2023 1430 2069 sum-

256 2150 329 2196 mos
349 2126 498 2196 honores
524 2123 751 2195 contenderat
778 2122 833 2201 t'cl.
862 2126 956 2196 Verr.
985 2128 1143 2195 Accusat.
1177 2123 1368 2222 5,70,181)
1396 2138 1431 2194 et

254 2248 405 2321 dicendo
423 2273 564 2344 operam
584 2247 728 2319 dederat
746 2246 801 2341 (cl.
823 2246 867 2318 de
888 2249 987 2319 Orat.
1015 2273 1041 2335 r,
1055 2269 1110 2347 25,
1137 2274 1144 2318 ι
1161 2246 1223 2344 17).

327 2379 377 2446 Ac
405 2374 449 2445 de
480 2373 595 2445 Caldo
627 2372 765 2469 quidem
798 2371 893 2444 vides
923 2398 991 2468 qua
1022 2372 1153 2444 ratione
1185 2371 1428 2467 interpretandi

255 2497 352 2569 nobis
373 2497 534 2568 utendum
554 2515 664 2583 esset,
685 2523 785 2592 quam
803 2475 938 2569 minime
952 2521 1029 2568 esse
1044 2496 1232 2591 simplicem
1249 2495 1429 2591 longisque

254 2621 453 2717 ambagibus
471 2647 575 2717 egere
596 2648 661 2693 non
690 2638 803 2717 potest
832 2620 957 2716 negari,
987 2639 1021 2692 ut
1039 2621 1091 2691 vix
1113 2621 1143 2691 in
1162 2646 1204 2692 ea
1222 2620 1263 2691 sit
1289 2619 1430 2714 acquie-

253 2747 428 2818 scendum.
442 2745 626 2818 Videamus
645 2746 743 2841 igitur
760 2763 897 2818 ceteros
912 2745 1044 2818 Caelios
1062 2745 1245 2817 Ciceronis
1255 2746 1427 2840 aequales,

254 2872 285 2942 in
305 2871 427 2966 quibus
446 2897 529 2942 unus
548 2870 722 2959 invenitur,
743 2871 788 2942 de
815 2897 885 2965 quo
912 2871 1020 2965 possit
1046 2870 1188 2966 cogitari
1220 2874 1269 2940 Μ.
1298 2869 1430 2942 Caelius

256 2997 365 3068 Rulus
379 3014 505 3084 orator,
521 2996 704 3069 Ciceronis
720 2996 899 3084 lamiliaris,
915 2996 959 3068 de
974 2997 1070 3069 cuius
1084 2996 1150 3068 vita
1163 3013 1242 3092 post
1259 2999 1429 3067 Druman-

255 3147 331 3192 num
351 3121 467 3193 videas
485 3147 564 3217 quae
592 3121 775 3217 disputavit
803 3122 1038 3216 Wegehaupt,
1068 3123 1118 3191 Μ.
1148 3120 1278 3193 Caelius
1307 3118 1427 3206 Rulus,

254 3245 351 3317 huius
370 3263 482 3317 tamen
502 3245 549 3316 rei
568 3270 707 3341 prorsus
726 3245 913 3316 immemor.

327 3371 475 3441 Constat
509 3385 621 3441 autem
659 3369 737 3441 inde
769 3369 813 3440 ab
844 3387 964 3440 exorta
994 3368 1081 3440 civili
1119 3369 1331 3441 dissensione
1370 3392 1428 3440 eas

253 3510 366 3589 partes
393 3493 494 3565 Caelii
523 3493 636 3582 luisse,
664 3511 699 3565 ut
726 3518 894 3565 unacum
922 3492 1063 3564 tribunis
1088 3493 1132 3565 ad
1151 3495 1328 3566 Caesarem
1348 3519 1427 3590 pro-

254 3617 393 3713 fugerit,
422 3643 442 3715 a
467 3642 538 3712 quo
570 3619 671 3713 paulo
699 3634 777 3713 post
803 3617 846 3689 ad
877 3616 1081 3689 seditionem
1109 3619 1200 3714 apud
1232 3619 1427 3691 Intemelios

253 3740 440 3813 sedandam
460 3740 616 3813 dimissus
635 3741 785 3836 indeque
804 3765 881 3813 cum
901 3741 1027 3813 eodem
1056 3741 1087 3812 in
1119 3742 1319 3838 Hispaniam
1347 3768 1426 3839 pro-

254 3866 364 3938 fectus
390 3882 443 3938 est
468 3891 495 3936 a.
528 3865 605 3937 adn.
639 3892 681 3961 34
707 3882 742 3936 et
768 3865 812 3937 ad
840 3865 917 3937 lam.
937 3868 1012 3936 VIII
1047 3893 1096 3964 17,
1116 3893 1140 3937 r.
1162 3867 1323 3963 Sequitur
1341 3884 1426 3938 tem-

253 3991 345 4087 poris
379 3990 535 4087 spatium,
564 4016 634 4086 quo
662 3991 743 4085 quid
771 3991 881 4086 egerit
908 3991 1112 4086 ignoramus,
1143 4017 1250 4087 usque
1277 3992 1320 4064 ad
1347 3993 1424 4063 anni

252 4117 299 4209 48
326 4115 465 4203 initium,
493 4141 563 4210 quo
591 4131 738 4210 praetura
765 4115 844 4186 inita
870 4114 1074 4187 seditionem
1104 4119 1230 4188 Rornae
1249 4117 1372 4205 movit;
1392 4145 1423 4187 v.‘

253 4239 337 4312 inlra
355 4239 431 4312 adn.
454 4264 509 4337 72.

324 4368 398 4435 Iam
418 4365 444 4434 si
464 4367 553 4435 bunc
571 4363 718 4436 Caelium
746 4364 878 4435 Cicero
904 4365 1081 4460 significat,
1109 4365 1332 4461 quaerendum
1360 4383 1422 4454 est,

149 4535 152 4543 -
252 4487 430 4583 quomodo
450 4487 679 4582 intellegenda
697 4489 762 4558 sint
780 4489 883 4559 verba
902 4489 974 4560 eius
991 4487 1035 4560 ad
1054 4493 1120 4560 nn.
1138 4493 1173 4559 Χ
1195 4490 1268 4578 12b,
1283 4515 1300 4560 2
1317 4508 1421 4564 extr:
