3374 5272
750 852 918 921 VITA.

326 1081 436 1151 Natus
455 1105 526 1151 sum
548 1082 693 1151 lacobus
709 1080 807 1151 lulius
821 1080 948 1152 Ziehen
966 1080 1178 1152 Francosurti
1194 1079 1237 1151 ad
1254 1083 1420 1151 Moenum

250 1205 302 1273 Xl
321 1229 363 1273 m.
386 1202 560 1274 Februarii
579 1230 608 1275 a.
637 1206 725 1297 1864
744 1220 839 1299 patre
860 1204 1020 1276 Eduardo
1036 1221 1140 1275 matre
1156 1203 1274 1274 Emilia
1287 1230 1307 1275 e
1320 1221 1422 1299 gente

252 1325 452 1411 Tillmanns‚
481 1353 568 1422 quos
595 1329 698 1400 ambo
726 1346 885 1424 parentes
916 1328 1110 1401 carissimos
1145 1329 1307 1400 acerbum
1344 1326 1422 1398 mihi

254 1451 355 1522 latum
386 1477 493 1547 nuper
519 1451 651 1548 eripuit.
684 1452 780 1525 Fidei
809 1452 966 1525 addictus
993 1478 1065 1524 sum
1092 1453 1313 1546 evangelicae.
1351 1454 1425 1547 Gy-

254 1574 369 1646 mnasii
392 1576 649 1648 Francolurtani
670 1578 733 1648 sub
752 1579 912 1674 auspiciis
930 1577 1108 1674 Tychonis
1138 1580 1334 1649 Mommsen
1363 1577 1425 1647 llo·

254 1700 357 1772 rentis
376 1726 438 1796 per
456 1727 514 1773 sex
534 1728 642 1774 annos
662 1703 706 1774 lui
727 1703 923 1799 discipulus.
952 1707 1043 1775 Vere
1066 1702 1142 1774 anni
1178 1703 1264 1773 1882
1294 1701 1426 1773 Tubin·

252 1850 341 1921 gam,
362 1843 525 1897 autumno
539 1826 692 1899 eiusdem
709 1827 785 1899 anni
803 1826 951 1922 lipsiam
965 1853 1018 1899 me
1029 1826 1169 1913 contuli,
1190 1825 1244 1897 ubi
1256 1828 1426 1923 praeclaro

254 1950 441 2022 studiorum
462 1976 614 2022 meorum
643 1951 774 2024 fautore
802 1951 959 2024 adiutore
984 1977 1062 2023 usus
1085 1976 1156 2023 sum
1186 1949 1424 2022 Overbeclrio.

256 2079 347 2147 Vere
374 2074 450 2147 anni
490 2077 578 2169 ι884
605 2075 635 2146 in
669 2076 918 2148 universitatem
954 2074 1173 2147 Fridericiam
1207 2074 1425 2146 Guilelmiam

260 2202 461 2273 Rhenanam
492 2201 736 2297 transmigravi,
769 2201 865 2272 cuius
897 2226 958 2298 per
988 2201 1170 2298 quinquies
1200 2225 1259 2271 sex
1293 2224 1428 2271 menses

256 2325 339 2398 civis
358 2327 413 2398 lui.
445 2330 651 2398 Docuerunt
670 2352 723 2398 me
743 2354 792 2397 vv.
813 2351 866 2398 cc.
888 2327 1047 2398 Geldner
1064 2353 1093 2397 v,
1111 2325 1319 2398 Gutschmid
1338 2328 1428 2396 l·ler-

257 2477 320 2546 zog
351 2451 479 2523 Rohde
510 2481 540 2522 v.
573 2452 746 2523 Schwabe
774 2452 917 2534 Strauch
946 2450 1198 2545 Tubingenses
1230 2478 1259 2521 v,
1291 2451 1429 2522 Bahder

260 2576 413 2648 Brandes
440 2578 633 2672 Brugmann
662 2577 800 2649 Curtius
827 2576 958 2649 l·leinze
980 2576 1112 2672 Lipsius
1132 2577 1322 2648 Overbech
1344 2576 1429 2647 Rib-

259 2702 349 2772 beck
368 2700 552 2773 Schreiber
572 2701 778 2797 lipsienses,
800 2704 995 2774 buecheler
1015 2705 1119 2773 Deve
1148 2702 1288 2773 Kehule
1316 2702 1430 2772 Lueb-

259 2825 333 2896 bert
346 2827 482 2896 Menzel
496 2825 622 2897 Nissen
640 2825 729 2898 Rein
747 2827 857 2898 Ritter
872 2829 1047 2898 Schwartz
1062 2830 1199 2898 Usener
1215 2829 1428 2897 Bonnenses.

260 2952 434 3025 Seminarii
469 2953 713 3049 archaeologici
751 2952 926 3027 sodalibus
961 2952 1140 3024 ordinariis
1172 2970 1204 3024 ut
1240 2951 1431 3025 ascriberer

262 3077 475 3149 Overbechii
503 3103 585 3173 erga
612 3104 666 3150 me
694 3078 934 3149 benevolentia
953 3079 1077 3149 lactum
1098 3097 1159 3148 est.
1192 3075 1430 3148 Proseminarii

261 3202 460 3299 philologici
483 3203 667 3298 Lipsiensis
687 3227 748 3297 per
766 3220 817 3273 ter
836 3228 894 3273 sex
916 3227 1062 3290 menses,
1084 3201 1275 3273 Bonnensis
1296 3226 1357 3297 per
1371 3226 1431 3272 sex

262 3328 306 3401 fui
334 3326 480 3413 sodalis;
509 3328 636 3400 deinde
663 3327 833 3398 seminarii
862 3326 1060 3422 philologici
1081 3327 1167 3397 inter
1185 3325 1322 3399 sodales
1341 3324 1433 3396 ordi-

263 3452 374 3526 narios
394 3470 554 3548 receptus
573 3478 644 3524 sum
673 3452 812 3549 egregia
840 3451 1045 3523 Buecheleri
1074 3450 1258 3522 luebberti
1287 3448 1432 3521 Useneri

262 3577 511 3652 benevolentia.
540 3577 715 3649 Seminarii
743 3577 892 3648 historici
916 3575 1216 3648 exercitationibus
1235 3601 1296 3671 per
1315 3592 1435 3670 quater

262 3729 321 3775 sex
351 3727 486 3774 menses
517 3720 551 3774 ut
570 3703 767 3774 interessem
792 3702 940 3797 benigne
962 3701 1115 3797 permisit
1143 3699 1281 3789 Nissen,
1306 3725 1367 3795 per
1385 3717 1436 3771 ter

263 3853 322 3900 sex
344 3853 478 3899 menses
509 3830 623 3916 Dove,
655 3852 717 3922 per
735 3853 795 3899 sex
823 3851 959 3898 menses
979 3826 1107 3897 Ritter.⁴
1130 3825 1435 3897 Exercitationibus

263 3952 526 4048 archaeologicis
545 3969 579 4023 ut
594 3951 791 4023 interessem
803 3950 948 4022 comiter
966 3966 1212 4022 concesserunt
1231 3974 1293 4044 per
1311 3966 1361 4020 ter
1375 3974 1434 4020 sex

265 4103 400 4150 menses
429 4079 580 4166 Kelrule,
610 4101 670 4172 per
696 4075 786 4148 idem
805 4075 969 4171 temporis
988 4075 1130 4172 spatium
1151 4073 1344 4160 Schreiber‚
1364 4073 1437 4169 epi-

264 4205 437 4303 graphicis
470 4208 672 4279 Buecheler.
710 4205 848 4304 Quibus
875 4205 1032 4276 omnibus
1063 4204 1139 4275 viris
1168 4203 1292 4298 gratias
1325 4206 1436 4276 habeo

267 4355 416 4426 magnas,
449 4330 611 4403 maximas
644 4332 861 4402 buechelero
891 4331 1055 4401 l<elruleo
1084 4328 1235 4399 Nisseno
1267 4331 1436 4416 Usener0,

267 4457 540 4554 praeceptoribus
551 4455 732 4530 carissimis
741 4473 836 4552 grata
848 4454 925 4525 mihi
941 4454 1105 4527 memoria
1120 4479 1256 4549 semper
1270 4453 1435 4526 colendis.
