3374 5272
390 266 429 335 16

383 483 416 538 te
445 467 584 551 litteras,
604 467 743 554 ut-lore,
763 469 874 540 allatae
894 467 973 538 mihi
997 470 1122 563 Capua
1140 484 1216 538 sunt
1235 465 1318 548 lscil.
1345 495 1356 528 l
1365 468 1483 537 alterae
1503 465 1554 536 lit-

382 609 509 676 terae»;
551 616 617 663 nec
652 592 797 663 deerunt
833 591 989 680 sortasse,
1025 591 1082 687 qui
1123 593 1279 662 «alterae»
1318 614 1441 662 vocem
1478 606 1555 686 post

386 717 538 788 «allatae»
561 715 734 787 excidisse
754 717 785 786 in
805 716 986 788 codicibus
1005 713 1223 808 concedantl,
1244 733 1279 786 et
1293 716 1361 786 hoc
1376 713 1454 785 mihi
1470 712 1552 808 (scil.

389 837 638 934 enuntiantes»)
658 856 693 911 et
717 839 748 910 in
767 841 901 912 Albano
920 840 1011 936 apud
1031 840 1218 912 Curionem
1242 846 1402 915 <eum>
1424 841 1453 907 V
1475 841 1552 910 Kal.

382 965 474 1051 lore;
502 990 579 1035 eum
608 989 709 1059 quum
737 964 868 1050 videro,
896 964 1058 1061 Arpinum
1083 989 1256 1060 pergam».
1285 966 1358 1035 lam
1379 963 1462 1035 mira
1479 980 1555 1034 sunt

380 1088 484 1160 verba
503 1113 581 1184 quae
596 1105 774 1160 secuntur:
801 1117 812 1150 «
822 1089 879 1159 llle
895 1087 977 1180 (scil.
990 1089 1122 1172 Caesar,
1142 1088 1187 1159 de
1201 1114 1271 1184 quo
1286 1087 1463 1182 superiore
1478 1112 1555 1158 sen-

381 1213 485 1284 tentia
516 1210 671 1306 dixerat),
693 1229 727 1284 ut
757 1211 800 1284 ad
833 1238 886 1283 me
913 1212 1058 1308 scripsit,
1087 1212 1240 1307 legiones
1267 1212 1413 1305 singulas
1441 1211 1554 1306 posuit

382 1336 564 1423 Brundisii,
584 1337 737 1419 Tarenti,
753 1337 921 1432 Siponti».
943 1340 1060 1432 ltaque
1087 1336 1238 1408 Caesaris
1269 1361 1410 1432 quoque
1441 1335 1555 1431 aliqua

379 1462 524 1558 epistula
551 1460 716 1538 Ciceroni
745 1462 845 1532 allata
874 1479 926 1532 est
944 1486 988 1532 eo
1008 1466 1188 1557 tempore?
1215 1465 1258 1532 At
1277 1463 1354 1533 haec
1372 1460 1554 1555 quominus

379 1603 564 1658 statuamus
583 1586 657 1680 plus
677 1610 741 1656 una
761 1609 796 1655 re
816 1585 1035 1680 impedimur:
1066 1586 1207 1681 primum
1227 1585 1316 1656 enim
1345 1584 1463 1656 mirum
1490 1602 1554 1671 est,

379 1728 445 1782 tam
466 1711 583 1806 paucis
602 1709 714 1780 »erbis
734 1710 945 1781 Ciceronem
966 1709 1010 1781 de
1030 1709 1084 1781 illa
1103 1709 1238 1793 dicere;
1264 1709 1390 1781 deinde
1409 1709 1463 1779 »ix
1482 1735 1551 1780 verr

378 1835 487 1906 simile
502 1852 565 1924 est,
585 1836 628 1906 dc
652 1861 688 1906 re
708 1834 838 1906 militari
854 1837 1032 1906 Caesarem
1050 1835 1093 1904 illi
1109 1835 1297 1929 scripsisse,
1318 1859 1383 1904 non
1400 1834 1550 1929 tetigisse

378 1985 452 2031 eam
469 1984 552 2048 rem,
567 1958 611 2030 de
627 1984 693 2054 qua
708 1976 782 2030 toto
799 1959 854 2029 illo
870 1976 1025 2054 tempore
1040 1960 1204 2053 agebatur
1218 1959 1305 2029 inter
1319 1959 1404 2043 illos,
1420 1958 1551 2029 Cicero

379 2099 413 2154 ut
443 2086 589 2154 Romam
617 2083 747 2154 veniret
776 2084 806 2152 in
834 2101 987 2156 senatum
1016 2083 1184 2164 Caesaris;
1217 2082 1355 2154 accedit
1386 2082 1491 2177 quod,
1523 2082 1549 2152 si

378 2208 517 2303 quidem
545 2207 727 2302 diligenter
745 2234 925 2303 comparas
945 2209 1095 2280 Caesaris
1113 2208 1284 2304 epistulas.
1313 2232 1397 2304 quas
1420 2207 1549 2278 Cicero

377 2350 446 2404 tum
463 2333 622 2429 accepit,
651 2360 730 2430 quae
757 2351 834 2405 sunt
860 2334 903 2405 ad
930 2338 996 2405 mr.
1028 2337 1078 2404 lx
1097 2335 1118 2403 ()
1138 2339 1165 2403 Α
1186 2352 1220 2404 et
1247 2336 1285 2402 »d
1303 2337 1342 2421 A,
1363 2333 1415 2402 vix
1434 2335 1547 2403 locum

377 2483 453 2529 esse
474 2458 559 2529 inter
576 2483 635 2530 eas
654 2459 810 2553 epistulae
826 2459 936 2530 tertiae
952 2459 1112 2530 invenies.
1135 2458 1272 2555 Quodsi
1289 2460 1357 2529 hoc
1371 2456 1547 2545 concedis

378 2599 456 2678 post
470 2583 574 2654 verba
593 2611 603 2645 r
614 2601 648 2654 ut
663 2583 741 2652 mihi
757 2584 911 2678 scripsit»
932 2608 1055 2654 nomen
1070 2583 1143 2652 eius
1157 2582 1213 2677 qui
1229 2582 1363 2676 scripsit
1377 2581 1548 2653 excidisse

377 2708 592 2779 statuendum
620 2725 689 2791 est3
718 2709 811 2805 atqui
839 2710 963 2803 Capua
991 2708 1108 2778 missas
1135 2733 1211 2778 esse
1239 2709 1298 2778 has
1325 2707 1452 2778 litteras
1475 2731 1549 2778 eas-

377 2833 527 2929 demque
551 2858 627 2904 esse
646 2849 750 2928 atque
770 2834 841 2903 illas
859 2832 904 2903 de
923 2833 1045 2928 quibus
1065 2833 1158 2903 initio
1177 2833 1333 2928 epistulae
1359 2853 1392 2927 15
1417 2833 1549 2904 Cicero

377 2958 519 3043 dixerat,
539 2957 723 3028 admodum
744 2974 794 3028 est
813 2958 1000 3053 probabile.
1022 2959 1146 3053 Capua
1167 2974 1279 3028 autem
1300 2958 1402 3052 paulo
1421 2975 1500 3028 ante
1515 2977 1548 3029 et

378 3087 424 3181 Q.
441 3082 736 3154 Pedius‘nuntium
758 3083 891 3154 miserat
911 3082 1076 3154 Ciceroni
1097 3081 1151 3176 lcl.
1175 3085 1223 3152 lX
1250 3108 1299 3175 14,
1319 3081 1344 3176 rl
1357 3099 1390 3153 et
1403 3085 1545 3177 Leptam

378 3208 456 3279 inde
487 3207 663 3303 scripsisse
695 3223 829 3278 constat
861 3205 915 3300 lcl.
937 3210 986 3276 tx
1014 3232 1063 3293 12,
1083 3232 1114 3290 r;
1151 3233 1200 3300 ¹4»
1218 3208 1265 3302 3);
1303 3209 1420 3277 horum
1449 3206 1548 3301 igitur

376 3333 565 3404 alterutrius
586 3357 709 3403 nomen
729 3351 808 3427 post
831 3332 1005 3426 «scripsit»
1029 3357 1150 3403 vocem
1171 3332 1342 3403 excidisse
1361 3331 1546 3403 scribarum

377 3457 583 3552 negligentia
609 3457 774 3552 suspicor,
803 3473 837 3528 et
864 3457 943 3554 quia
971 3482 1036 3527 non
1066 3457 1184 3527 nullius
1212 3457 1356 3527 sortasse
1384 3455 1544 3527 momenti

376 3581 437 3652 luit
455 3581 563 3652 simile
581 3581 676 3651 vocis
700 3581 894 3676 «legiones»
917 3582 1011 3676 quod
1031 3581 1183 3675 sequitur
1203 3580 1341 3660 initium,
1374 3580 1418 3651 de
1438 3582 1546 3674 Lepta

376 3705 521 3777 maxime
540 3704 760 3800 cogitandum
780 3730 857 3777 esse
876 3721 969 3801 puto.

450 3830 507 3901 Nil
527 3830 611 3902 certi
630 3847 765 3901 constat
784 3831 828 3902 de
847 3833 888 3900 T.
912 3831 1050 3917 Rebilo,
1070 3830 1166 3902 cuius
1186 3831 1216 3899 in
1234 3832 1252 3921 ἕ
1269 3829 1436 3921 4Cicero
1452 3855 1545 3901 men-

375 3956 502 4026 tionem
526 3955 682 4026 iniecisse
705 3955 855 4041 videtur;
889 3956 948 4027 nisi
973 3956 1060 4027 lorte
1083 3955 1243 4027 etradita
1265 3955 1415 4026 lectione
1438 3956 1545 4025 «Tre-

375 4080 510 4152 bilium»
534 4081 577 4150 C.
598 4080 734 4151 Caninii
756 4080 871 4152 Rebili
891 4106 1014 4151 nomen
1035 4079 1240 4151 eliciendum
1260 4096 1323 4168 est,
1340 4096 1380 4150 ut
1399 4078 1443 4149 de
1462 4079 1546 4163 Cae-

375 4204 456 4276 saris
475 4207 589 4300 legato
608 4202 662 4298 (cl.
685 4206 761 4275 bell.
784 4206 878 4276 Gall..
895 4207 953 4274 Vll
973 4206 1037 4300 833
1059 4202 1115 4299 oo)
1136 4203 1433 4300 cogitandum,sit;
1456 4205 1545 4276 hunc

374 4330 463 4402 enirn
492 4330 609 4429 paucis
628 4330 749 4402 diebus
771 4348 850 4401 ante
872 4330 1038 4401 Brundisii
1058 4329 1101 4401 ad
1123 4330 1288 4401 Libonem
1309 4329 1544 4426 Caesarpaeis
