3374 5272
255 419 300 493 24

253 603 456 675 coniunctus
474 599 564 697 apud
591 595 833 672 Ciceronem*
862 595 955 697 Quae
974 624 1051 671 cum
1074 597 1118 671 ita
1144 594 1208 669 sint
1236 616 1428 694 peroppor-

254 745 333 799 tune
352 726 491 805 accidit,
511 725 605 822 quod
627 714 657 794 in
677 751 731 820 ep.
752 724 795 796 ad
816 724 891 794 lam.
910 726 934 794 ll
958 725 1039 820 16,7
1057 725 1133 796 baec
1147 724 1252 795 verba
1266 723 1425 817 legimus:

258 856 412 947 «Togam
432 868 631 946 praetextam
652 849 719 920 texi
741 848 864 944 Oppio
879 865 962 943 puto
976 866 1009 919 te
1024 847 1177 930 audisse;
1199 873 1274 919 nam
1290 847 1428 918 Curtius

254 992 369 1048 noster
387 975 572 1070 dibaphum
593 974 733 1067 cogitat,
753 973 815 1044 sed
843 998 919 1043 eum
948 973 1095 1043 insector
1122 990 1302 1044 moratur».
1322 971 1427 1042 Vides

253 1125 353 1194 quam
381 1083 422 1169 sit
449 1098 517 1169 veri
544 1098 664 1175 simile,
694 1123 736 1168 ne
755 1096 866 1168 dicam
887 1111 1030 1175 certum,
1050 1095 1175 1167 eodem
1197 1096 1254 1166 illo
1273 1095 1426 1167 Trebatii

254 1224 382 1309 nunti0,
412 1249 481 1318 quo
508 1222 551 1293 ad
580 1223 683 1292 verba
710 1221 764 1311 illa
791 1220 905 1291 Attico
937 1219 1119 1291 scribenda
1150 1238 1343 1291 commotus
1374 1219 1426 1297 sit,

254 1349 466 1420 Ciceronem
496 1371 590 1416 usum
614 1370 691 1416 esse
710 1369 787 1415 cum
808 1342 850 1414 ad
870 1343 1017 1414 Caelium
1037 1343 1082 1415 de
1102 1344 1225 1439 Oppio
1243 1343 1427 1439 scripserit,

254 1472 343 1543 unde
371 1470 523 1565 sequitur
551 1486 627 1565 post
655 1467 807 1539 Trebatii
837 1468 1046 1564 colloquium
1077 1468 1095 1537 i.
1125 1493 1154 1539 e.
1185 1485 1261 1563 post
1290 1493 1313 1561 4
1342 1467 1425 1538 Mai.

253 1595 365 1668 datam
385 1620 462 1666 esse
482 1620 535 1689 ep.
557 1594 599 1665 ad
620 1593 695 1664 lam.
718 1595 742 1662 ll
771 1594 818 1662 ro.
1277 1569 1280 1575 ⁵

292 1732 323 1785 43
345 1745 371 1789 u.
393 1719 525 1790 Sternlr.
556 1720 628 1788 ror.
653 1720 710 1787 De
729 1718 772 1787 C.
792 1717 962 1787 Marcello
982 1716 1025 1787 cl.
1043 1719 1076 1785 X
1101 1741 1171 1795 iza,
1193 1741 1296 1809 3cum
1315 1715 1427 1787 Bootii

260 1843 374 1915 adnot.

291 1980 371 2038 441).
401 1968 533 2038 Sternlr.
568 1966 644 2037 adn.
682 1972 754 2036 roz.
792 1968 957 2036 Ceterum
985 1965 1017 2034 in
1047 1965 1143 2036 huius
1170 1965 1327 2060 epistulae
1358 1970 1376 2056 ξ
1409 1990 1426 2035 2

255 2092 387 2163 Cicero
415 2091 515 2162 Caelii
544 2091 718 2162 cuiusdam
740 2090 945 2160 mentionem
968 2090 1059 2175 lacit,
1087 2091 1131 2160 de
1151 2116 1221 2183 quo
1239 2090 1292 2161 vix
1314 2089 1428 2161 lacere

255 2241 437 2312 possumus
465 2215 544 2310 quin
574 2217 675 2309 paulo
703 2213 805 2284 lusius
832 2213 1047 2295 disseramus
1076 2231 1109 2285 ut
1127 2238 1284 2307 quaenam
1309 2214 1429 2284 suerint

256 2357 476 2434 eo-tempore
496 2338 679 2409 Ciceronis
700 2338 841 2409 consilia
860 2354 955 2408 recte
980 2338 1212 2432 intelligamus.

332 2464 499 2560 Quinque
527 2463 615 2534 enim
645 2462 712 2532 loci
740 2479 826 2548 sunt,
855 2462 977 2556 quibus
1004 2462 1048 2532 de
1076 2464 1143 2533 hoc
1163 2463 1276 2535 Caelio
1296 2463 1428 2534 Cicero

262 2588 426 2684 loquitur:
456 2587 498 2659 ad
527 2591 592 2658 Att.
613 2590 647 2657 X
684 2588 757 2667 rab,
781 2612 797 2655 2
820 2587 907 2671 init.;
937 2586 1016 2658 ibid.
1041 2612 1058 2656 2
1079 2604 1184 2669 extr.;
1221 2612 1299 2681 ¹423
1323 2606 1427 2665 extr.;

262 2739 312 2818 15,
327 2737 364 2798 2;
403 2716 452 2797 ro,
465 2738 496 2805 4.
527 2710 663 2810 Quodsi
683 2712 726 2782 ab
745 2711 975 2806 opinionibus,
995 2737 1073 2804 quae
1092 2711 1204 2783 adhuc
1223 2713 1266 2783 ab
1287 2711 1429 2782 homini-

220 2906 222 2911 .
254 2840 315 2909 bus
343 2837 456 2908 doctis
484 2839 626 2932 prolatae
653 2853 740 2918 sunt,
770 2837 1031 2933 proficiscimur,
1060 2836 1185 2932 primus
1213 2813 1289 2908 sese
1316 2836 1429 2908 obsert

254 2964 296 3032 C.
318 2961 450 3032 Caelius
470 2961 612 3043 Caldus
643 2961 686 3032 de
707 2988 777 3056 quo
796 2961 873 3032 vide
896 2964 1129 3032 Drumannum
1152 2965 1175 3032 ll
1197 2987 1227 3058 p.
1249 2988 1320 3057 409
1339 2988 1428 3058 sqq,

252 3112 333 3159 avus
371 3086 443 3158 eius
474 3113 575 3182 quem
608 3086 740 3158 Cicero
781 3087 957 3181 provincia
997 3086 1174 3159 decedens
1213 3105 1424 3183 quaestorem

255 3229 483 3307 proposuerat
499 3208 752 3306 provinciaelcl.
765 3210 808 3282 ad
821 3211 897 3282 lam.
919 3213 944 3281 ll
971 3236 1074 3315 15,4;
1091 3237 1118 3281 r).
1139 3214 1192 3282 Cl
1199 3215 1233 3282 L.
1248 3215 1324 3283 [no.
1343 3239 1424 3309 479.

258 3338 399 3432 Ephem.
437 3336 544 3430 epigr.
585 3337 627 3403 tv
666 3356 752 3429 233;
792 3335 965 3422 Babelon,
1006 3336 1190 3406 Monnaies
1227 3363 1309 3408 rom.
1349 3340 1357 3407 Ι
1395 3364 1426 3434 p.

265 3462 451 3558 3⁶7⁸qql·

233 3663 237 3672 ,
329 3585 397 3656 Sed
425 3610 594 3680 quaenam,
624 3585 745 3680 inquis,
778 3585 874 3655 buius
905 3585 1006 3656 Caelii
1039 3586 1173 3657 fortuna
1203 3611 1223 3657 a
1253 3587 1430 3660 Cicerone

254 3696 484 3804 significatur?
507 3709 736 3804 Respondere
756 3708 819 3780 iarn
839 3708 919 3778 olim
939 3726 1083 3780 conatus
1101 3727 1153 3781 est
1172 3711 1360 3783 Corradius
1387 3711 1429 3783 ad

255 3834 332 3905 Cic.
353 3834 406 3906 ad.
427 3838 494 3905 na.
515 3837 549 3904 X
576 3837 651 3921 rab,
666 3860 696 3921 2,
725 3859 826 3930 quem
847 3859 954 3930 nuper
978 3837 1070 3906 Boot
1096 3836 1138 3907 ad
1167 3838 1186 3906 l.
1216 3840 1234 3907 l.
1264 3837 1429 3924 delendit,

254 3960 357 4060 allato
378 3958 646 4030 Plutarclriloco
665 3960 787 4054 Pomp.
804 3982 834 4029 c.
851 3985 884 4055 7,
905 3958 982 4053 «qui
998 3976 1108 4031 narrat
1122 3962 1260 4031 Sullano
1275 3978 1430 4057 ternpore

332 4226 342 4245 ⁶
361 4222 441 4267 Teste
461 4230 516 4267 utar
534 4223 692 4282 glossematis
710 4231 824 4272 auctore.
844 4222 914 4281 quod
935 4224 1059 4270 invenitur
1076 4224 1098 4270 in
1116 4238 1158 4284 ep.
1177 4223 1208 4271 ad
1227 4228 1277 4272 mr.
1292 4226 1350 4273 xttt
1367 4238 1402 4282 ro,
1418 4239 1429 4270 2

256 4310 297 4356 ubi
315 4311 335 4355 si
353 4318 424 4356 recte
442 4324 500 4356 sese
520 4311 643 4356 baberent
669 4310 749 4356 verba
775 4319 814 4356 «et
842 4311 957 4370 Oppius»
984 4320 1041 4371 post
1061 4313 1131 4359 Balbi
1150 4327 1240 4360 nomen
1257 4312 1366 4367 adiecta,
1386 4322 1430 4362 aut

256 4399 439 4458 «scripserunt»
460 4399 547 4458 plurali
567 4413 626 4444 usus
644 4407 712 4446 esset
732 4400 833 4457 Cicero,
854 4398 925 4458 quod
938 4409 1009 4446 recte
1027 4402 1087 4448 vidit
1104 4403 1169 4448 Boot
1187 4402 1218 4448 ad
1238 4405 1251 4449 Ι.
1273 4405 1297 4458 l.,
1317 4411 1359 4449 aut
1372 4403 1426 4463 ipse

254 4489 326 4547 quasi
344 4501 392 4547 per
410 4489 494 4534 iocum
513 4489 584 4546 quasi
604 4503 679 4535 unum
698 4489 822 4535 hominem
841 4489 887 4535 bos
900 4489 953 4535 duo
965 4489 1033 4535 viros
1045 4490 1198 4550 significasse
1211 4491 1338 4551 putandus
1350 4500 1428 4541 esset.
