3374 5272
258 425 300 519 36

290 639 320 690 57
340 626 383 698 cl.
405 624 499 697 Caes.
521 628 532 696 Ι
551 625 635 718 48,1
661 650 738 696 cum
758 623 835 697 adn.
861 626 912 725 56.

291 748 321 814 58
341 754 496 845 Tempus
527 775 597 845 quo
629 748 720 845 prior
752 774 865 844 pugna
896 748 1020 820 navalis
1046 747 1088 819 ad
1119 746 1304 820 Massiliam
1332 771 1427 816 com-

253 873 354 945 missa
372 890 423 945 est
443 889 477 944 ut
504 872 692 955 deliniatur,
722 873 1009 969 proficiscendum
1038 888 1089 943 est
1116 897 1135 942 a
1162 887 1329 966 tempore,
1358 894 1428 964 quo

190 1018 196 1031 ’
253 997 386 1070 nuntius
406 996 450 1069 de
473 1023 515 1069 ea
542 995 674 1069 Caesari
704 996 733 1066 in
766 995 966 1092 Hispaniam
995 998 1113 1067 allatus
1140 1012 1210 1075 est;
1239 994 1331 1089 atqui
1360 997 1427 1065 boc

254 1120 372 1217 paucis
391 1121 513 1193 diebus
532 1137 611 1192 ante
633 1141 670 1219 23
696 1120 840 1217 Quintil.
863 1121 987 1192 sactum
1008 1146 1085 1192 esse
1104 1122 1254 1191 Caesaris
1281 1118 1427 1190 narratio

253 1244 388 1316 docetl
415 1246 539 1343 30*-(
553 1271 565 1338 3
598 1242 686 1336 lcum
715 1245 792 1316 adn.
827 1270 838 1349 3
870 1244 899 1338 );
929 1243 1061 1316 nuntius
1088 1260 1201 1315 autem
1228 1268 1247 1314 a
1277 1241 1429 1314 Massilia

254 1367 395 1440 ilerdam
418 1394 525 1463 usque
543 1384 573 1440 c.
602 1394 641 1440 to
660 1368 782 1440 diebus
801 1369 997 1465 pervenisse
1025 1367 1193 1465 putandus
1219 1385 1290 1452 est;
1322 1376 1433 1464 quare

253 1510 409 1566 extremo
442 1519 559 1594 mense
589 1493 690 1565 lunio
721 1510 778 1566 aut
810 1493 946 1566 ineunte
979 1492 1123 1592 Quintili
1156 1518 1303 1588 pugnam
1340 1491 1427 1564 illam

255 1619 378 1690 iactam
398 1643 476 1690 esse
494 1617 646 1690 arbitror.

294 1756 325 1810 59
346 1741 541 1838 Diligenter
560 1742 590 1813 in
623 1742 774 1838 singulos
801 1741 875 1813 dies
902 1743 1024 1813 Caesar
1056 1740 1282 1813 narrationem
1310 1739 1430 1811 discri-

257 1856 316 1956 bit,
350 1893 494 1962 quorum
523 1870 610 1939 Vllll
638 1867 779 1938 omnino
805 1866 953 1938 eflicitur
980 1890 1156 1952 numerus;
1189 1867 1252 1937 bos
1283 1865 1381 1962 igitur
1410 1891 1431 1937 a

256 1991 441 2064 deditionis
459 1991 515 2064 die
535 1992 552 2063 i.
574 2018 603 2063 e.
628 2017 644 2062 2
666 1995 757 2063 Sext.
779 1989 789 2083 l
815 1992 834 2062 s.
855 1990 932 2062 adn.
954 1992 1012 2083 bot
1028 1989 1170 2086 regressi
1186 1989 1229 2061 ad
1259 2012 1297 2090 25
1318 1989 1430 2088 Quin-

256 2115 301 2188 til.
319 2115 553 2213 pervenimus3
574 2118 617 2188 cl.
633 2119 728 2189 Caes.
750 2118 761 2186 l
782 2117 838 2211 63.
856 2141 891 2208 33
912 2117 969 2202 66,
986 2139 1021 2209 3;
1043 2116 1151 2212 67,6;
1181 2141 1237 2211 73,
1257 2141 1263 2185 t
1283 2138 1290 2201 ;
1320 2117 1376 2212 78,
1393 2135 1429 2214 53

257 2242 878 2337 81‚3;81‚4;82,t;83,4;84‚t.

294 2363 329 2417 ⁶0
347 2367 390 2438 cs.
421 2368 514 2437 Ctt.
538 2369 545 2435 l
566 2391 598 2461 p.
626 2369 701 2459 398.
732 2365 823 2437 Fasti
854 2366 948 2437 Mall.
971 2364 1052 2436 ibid.
1075 2389 1105 2459 p.
1132 2364 1207 2457 306.
1231 2366 1267 2435 F.
1287 2366 1372 2437 Vall.
1402 2391 1434 2461 p.

266 2516 342 2587 320.
365 2493 401 2561 F.
424 2490 523 2562 Amit.
546 2517 577 2587 p.
603 2515 679 2586 324.
703 2493 739 2561 F.
761 2489 915 2562 Antiates
933 2514 965 2584 p.
992 2488 1068 2583 328.

295 2612 325 2665 ⁶¹
348 2619 524 2714 Quantum
554 2614 718 2710 temporis
746 2612 977 2685 intercesserit
1004 2611 1089 2684 inter
1116 2612 1263 2708 priorem
1291 2629 1325 2684 et
1352 2615 1437 2684 alte-

261 2766 329 2812 ram
362 2764 510 2836 pugnam
543 2741 694 2810 navalem
723 2738 765 2810 ad
795 2737 981 2811 Massiliam
1014 2736 1242 2824 commissam,
1274 2755 1436 2810 accurate

261 2891 327 2936 non
348 2880 463 2960 potest
480 2862 623 2950 deliniri,
652 2863 713 2934 sed
733 2879 859 2935 tantum
889 2861 1123 2935 intercessisse
1150 2878 1296 2949 constat,
1328 2889 1436 2959 quan-

261 3005 329 3060 tum
350 2988 381 3058 in
402 2988 541 3061 navibus
560 2987 755 3060 reficiendis
774 2988 907 3083 utrique
935 3003 1237 3082 consumpserunt;
1266 2987 1309 3058 cl.
1340 2989 1434 3060 Caes.

261 3117 391 3207 114‚1;
418 3134 445 3208 ς,
464 3139 489 3183 t.
521 3115 599 3185 Nec
619 3130 731 3184 tamen
759 3138 804 3185 eo
832 3129 988 3208 tempore
1015 3137 1085 3206 quo
1113 3135 1226 3206 pugna
1253 3111 1437 3184 commissa

261 3254 324 3324 est,
358 3238 420 3310 iam
461 3239 595 3310 allatum
629 3237 732 3309 luisse
774 3237 1030 3309 Afranianorum
1066 3234 1251 3308 deditionis
1286 3237 1435 3309 nuntium

262 3363 341 3437 inde
373 3362 614 3449 concluserim,
646 3361 740 3456 quod
775 3360 947 3432 citeriorem
983 3359 1182 3458 Hispaniam
1219 3360 1381 3433 Nasidius
1415 3388 1436 3434 e

262 3515 375 3586 pugna
394 3487 526 3584 lugiens
544 3511 621 3558 cum
651 3487 790 3558 navibus
814 3487 909 3582 petit,
941 3486 1035 3582 quod
1059 3485 1220 3581 prolecto
1244 3513 1311 3559 non
1335 3486 1437 3558 fecis-

263 3634 324 3703 set,
353 3614 378 3686 si
398 3638 473 3685 eam
493 3611 646 3684 Caesaris
672 3637 749 3682 esse
773 3612 836 3684 iam
865 3628 1079 3708 compertum
1107 3611 1289 3684 habuisset.
1319 3615 1437 3707 ltaque

264 3768 330 3813 non
358 3755 437 3835 post
473 3737 643 3808 ineuntem
672 3761 823 3808 mensem
852 3736 1013 3808 Sextilem
1041 3760 1154 3831 pugna
1180 3735 1313 3807 videtur
1340 3762 1436 3807 com-

265 3865 365 3937 missa
378 3888 465 3935 esse.

300 3986 333 4038 ⁶2
352 4015 380 4059 v.
403 3990 440 4058 F.
465 3986 698 4057 Hosmannum
718 3985 770 4056 ad.
793 3987 885 4056 Caes.
907 3988 932 4056 ll
954 4009 1008 4074 23,
1028 4011 1052 4056 1.

301 4112 331 4180 ⁶3
353 4114 396 4184 cl.
417 4110 561 4207 Appian.
583 4111 660 4181 bell.
681 4110 744 4181 eiu.
766 4112 856 4206 1147
877 4109 957 4197 init,
978 4109 1034 4205 qui
1055 4108 1173 4180 iisdem
1202 4109 1334 4198 diebus,
1362 4110 1437 4205 qui-

340 4382 350 4402 *
370 4378 503 4425 Glossema
528 4383 584 4422 sunt
610 4376 653 4421 nisi
680 4377 751 4422 latior
775 4375 797 4420 in
823 4375 896 4421 buius
919 4374 1007 4434 capitis
1025 4376 1036 4430 ξ
1053 4387 1065 4419 2
1084 4375 1162 4421 verba
1187 4376 1281 4422 «minus
1298 4375 1435 4423 audacter»

268 4467 482 4527 interpretationis
499 4479 575 4513 causa
592 4464 623 4512 ad
643 4465 737 4510 «minus
757 4464 860 4520 libere»,
880 4462 973 4522 quibus
991 4462 1021 4507 nii
1041 4462 1096 4508 novi
1114 4463 1229 4517 atierunt,
1248 4462 1341 4510 addita.
