3374 5272
264 407 305 476 30

260 584 409 656 consiliis
428 584 583 656 serentis:
605 587 630 655 ll
654 609 685 679 p.
707 611 778 677 410
793 587 871 655 «Als
882 584 1016 656 Cicero
1033 609 1062 655 a.
1075 609 1126 676 qq.
1143 583 1330 679 Pompeius
1345 582 1439 653 nicht

260 709 415 805 sogleiclr
436 710 519 781 liber
538 709 599 781 das
619 711 721 780 Meer
740 709 858 801 lolgte.
887 707 953 781 und
973 710 1038 780 alle
1065 706 1264 779 denltbaren
1291 705 1438 778 Grunde

261 835 517 921 hervorsucltte‚
546 830 600 903 iun
629 832 702 904 sich
722 860 758 904 zu
779 831 1036 924 recbtlertigen,
1065 831 1218 925 zugleiclt
1246 832 1329 902 aber
1354 839 1440 902 stets

259 983 324 1028 von
344 955 455 1028 seiner
479 955 604 1026 Plliclrt
624 954 690 1026 und
714 955 826 1056 seiner
855 954 961 1026 liebe
989 981 1059 1026 zum
1090 953 1275 1025 Fcldlrerrn
1302 957 1437 1049 spracb‚

260 1080 322 1152 riet
342 1081 407 1151 ilnn
425 1080 556 1151 Atticus
572 1080 612 1150 im
630 1082 776 1151 Scherze
792 1081 825 1171 (Ι)
839 1105 877 1151 er
891 1089 992 1172 mbge
1009 1081 1094 1150 nach
1110 1079 1247 1151 Coelius
1264 1078 1436 1174 Eeispiele

260 1205 311 1277 lur
329 1204 424 1276 seine
445 1204 557 1277 Partci
578 1204 631 1275 ein
656 1207 751 1276 lleer
781 1214 905 1275 rusten.
935 1203 1013 1275 Sein
1044 1203 1180 1275 Freund
1207 1203 1324 1275 schien
1352 1202 1435 1274 dazu

259 1331 508 1413 entsclrlossen,
544 1355 581 1400 er
611 1345 796 1400 erwartete
828 1353 888 1399 nur
919 1328 975 1399 die
1006 1328 1240 1425 Celegenbeit
1273 1327 1339 1399 und
1372 1345 1437 1400 trat

258 1455 394 1536 zuruclt,
414 1454 462 1524 als
480 1451 529 1524 sie
548 1452 621 1524 sich
641 1452 796 1523 darbot.l
820 1453 864 1524 cl.
886 1455 927 1522 Vl
951 1454 1029 1522 228.

335 1580 426 1649 llaec
446 1576 627 1674 quominus
645 1593 808 1649 statueret
828 1577 929 1648 miror
949 1580 1184 1648 Drumannum
1205 1602 1271 1647 non
1292 1576 1437 1672 impedi-

258 1719 325 1773 tum
345 1727 421 1774 esse
441 1702 624 1775 Ciceronis
642 1702 763 1791 verbis,
788 1702 911 1798 quibus
929 1701 972 1773 ad
992 1705 1057 1772 nn.
1080 1704 1113 1770 X
1141 1723 1223 1801 ψ
1246 1701 1318 1797 ipse
1337 1704 1433 1798 quasi

257 1826 416 1898 iudicium
438 1826 542 1898 innuit
560 1826 604 1898 de
623 1827 842 1900 consiliorum
862 1852 941 1922 quae
963 1826 1172 1922 sequebatur
1192 1842 1327 1913 natura3
1357 1853 1432 1899 narn

258 1968 438 2047 postquam
459 1951 503 2022 de
522 1977 558 2024 rc
578 1951 727 2024 familiari
751 1979 828 2024 curn
856 1952 972 2023 Attico
998 1951 1068 2046 egit
1095 1950 1276 2047 praemissis
1303 1952 1441 2025 verbis:-

261 2075 350 2148 «sed
374 2076 416 2149 ad
444 2076 567 2148 mnium
594 2076 792 2149 redeamus»
823 2077 866 2149 ad
894 2076 1083 2149 Caelianum
1112 2075 1238 2148 transit.
1267 2078 1433 2148 Ceterum

256 2218 452 2296 opportune
471 2201 598 2274 accidit
616 2201 710 2298 quod
730 2202 772 2274 ad
801 2201 985 2274 Ciceronis
1011 2200 1153 2273 consilia
1180 2218 1275 2273 recte
1301 2225 1434 2298 cogno-

255 2326 385 2430 scenda
404 2326 508 2398 maius
522 2327 622 2399 etiam
639 2352 739 2424 quam
757 2326 859 2422 ipsius
873 2328 978 2399 verba
990 2326 1174 2398 subsidium
1192 2327 1290 2399 nobis
1305 2344 1433 2423 praesto

256 2466 308 2522 est
327 2450 412 2523 ratio
430 2451 690 2547 chronologica,
710 2451 754 2523 de
774 2476 841 2548 qua
868 2451 986 2547 paucis
1014 2475 1103 2522 nunc
1131 2450 1194 2522 iam
1223 2450 1286 2522 erit
1312 2451 1433 2524 dicen-

256 2574 346 2646 dum.
369 2578 451 2646 Non
466 2575 555 2646 enim
570 2601 650 2648 casu
670 2574 804 2648 videtur
822 2577 947 2648 lactum
967 2601 1044 2649 esse
1064 2593 1099 2648 ut
1117 2576 1243 2648 eodem
1263 2592 1431 2672 tempore,

255 2726 326 2795 quo
345 2700 451 2795 prima
470 2700 614 2773 Caeliani
635 2700 763 2772 mentio
791 2700 822 2772 in
850 2700 1003 2797 epistulis
1029 2701 1072 2774 ad
1100 2701 1248 2774 Atticum
1276 2720 1429 2798 apparet,

256 2823 386 2895 Cicero
404 2824 531 2895 certior
549 2825 659 2897 lactus
676 2825 718 2897 sit
736 2825 780 2897 de
802 2825 1064 2898 Massiliensium
1085 2826 1188 2915 lactu,
1221 2827 1277 2923 qui
1297 2827 1430 2900 Caesari

256 2965 372 3044 portas
403 2951 604 3039 clauserant,
632 2950 726 3046 quod
754 2977 889 3023 rumore
916 2968 951 3022 ut
977 2951 1109 3023 videtur
1137 2952 1267 3024 incerto
1294 2954 1428 3024 allatum

256 3073 320 3144 iam
339 3091 440 3146 antea
457 3075 588 3146 Atticus
606 3075 719 3148 amico
737 3075 987 3172 significaverat
1005 3076 1048 3148 cs.
1070 3080 1103 3146 X
1126 3102 1228 3171 11‚4:
1254 3105 1265 3139 l
1274 3077 1318 3149 de
1335 3080 1430 3149 Mas-

254 3198 444 3270 siliensibus
461 3215 568 3294 gratae
587 3200 666 3271 mihi
685 3216 753 3281 tuae
773 3200 912 3284 litterae;
937 3226 1057 3296 quaeso
1078 3218 1111 3272 ut
1129 3201 1232 3274 sciam
1262 3200 1429 3299 quidquid

256 3322 434 3394 audieris»
458 3325 653 3396 Certiorem
673 3341 784 3397 autem
806 3326 895 3397 illurn
916 3326 1064 3397 nuntium
1092 3326 1271 3422 quomodo
1298 3327 1429 3399 Cicero

255 3449 441 3544 acceperit,
472 3465 615 3544 apparet
634 3474 653 3519 e
672 3449 782 3520 verbis
801 3449 874 3520 eius
891 3449 935 3520 ad
954 3453 1020 3521 Att.
1049 3454 1084 3520 X
1119 3452 1194 3537 rzb,
1208 3476 1244 3522 2:
1278 3480 1290 3514 l
1303 3451 1429 3548 llispa-

255 3573 324 3644 nias
350 3597 454 3668 spero
481 3574 592 3645 firmas
618 3598 712 3645 esse:
744 3574 1006 3647 Massiliensium
1035 3575 1160 3647 sactum
1188 3601 1291 3670 quum
1319 3577 1427 3672 ipsum

254 3722 316 3793 per
333 3722 371 3768 se
390 3698 596 3769 luculentum
615 3714 677 3787 est,
705 3715 774 3770 tum
795 3699 873 3769 milri
892 3716 1093 3796 argumento
1112 3717 1164 3771 est
1182 3718 1276 3773 recte
1295 3727 1372 3774 esse
1396 3703 1427 3773 in

259 3821 452 3917 l-lispaniis;
481 3822 589 3894 minus
615 3823 708 3894 'enirn
736 3823 913 3911 auderent,
940 3825 966 3895 si
989 3825 1085 3896 aliter
1111 3841 1202 3897 esset
1229 3843 1263 3897 et
1289 3826 1426 3915 scirent,

257 3971 332 4018 nam
352 3962 386 4017 et
405 3946 504 4018 vicini
524 3963 558 4017 et
577 3946 759 4042 diligentes
777 3964 885 4020 sunt.»
910 3952 1026 4045 ltaque
1045 3949 1118 4021 sine
1146 3950 1252 4021 dubio
1270 3976 1350 4046 spes
1367 3951 1427 4023 ali·
1498 4007 1501 4011 .

253 4096 320 4166 qua
339 4088 431 4142 mota
449 4089 500 4142 est
519 4071 695 4160 Ciceroni,
715 4089 771 4145 aut
790 4071 925 4145 dubiam
945 4100 1022 4146 esse
1040 4091 1097 4146 aut
1111 4094 1206 4146 certe
1221 4076 1425 4148 retardatum

253 4194 288 4264 iri
308 4195 459 4267 Caesaris
478 4195 672 4285 victoriam;
692 4197 885 4269 accedebat
903 4198 996 4293 quod
1019 4200 1222 4294 Pompeium
1241 4201 1340 4274 armis
1366 4202 1426 4274 ali-

254 4320 335 4416 quid
353 4337 525 4416 gesturum
545 4348 622 4394 esse
641 4322 789 4394 omnium
809 4340 881 4395 erat
899 4324 1016 4420 opinio
1032 4351 1110 4421 quae
1124 4325 1221 4398 variis
1237 4327 1425 4399 rumoribus

252 4473 332 4520 mox
350 4449 550 4522 conlirmata
570 4475 646 4520 mox
667 4448 843 4521 debilitata
861 4468 912 4521 est
940 4451 981 4521 cl.
1011 4451 1053 4522 ad
1083 4456 1147 4522 nu.
1178 4455 1212 4521 X
1233 4453 1265 4541 (r,
1283 4479 1317 4544 33
1338 4479 1370 4547 q,
1390 4480 1396 4522 1
1417 4478 1423 4529 ;
