3374 5272
1310 446 1348 527 25

181 622 343 699 adversus
364 624 568 723 Pompeium
597 645 666 699 tres
693 624 801 699 duces
828 628 1023 706 surrexisse,
1052 627 1249 716 Carinnam,
1277 631 1360 701 Cae-

180 751 271 839 lium,
294 755 453 838 Brutum;
474 752 535 824 sed
556 778 625 825 rem
642 754 729 824 male
745 752 973 825 cecidissem.
995 753 1064 825 Sed
1080 781 1146 825 non
1167 771 1233 826 tam
1253 755 1361 826 sacilis

180 902 235 948 res
253 895 316 965 est,
337 879 471 974 qualem
492 880 584 949 Boot
603 877 665 948 sibi
686 877 797 954 linxit:
829 878 1001 949 Plutarchi
1021 879 1109 950 enim
1130 905 1232 975 quem
1251 880 1361 952 attulit

181 1003 262 1074 loco
281 1028 348 1073 non
364 1001 465 1073 Caelii
482 1027 606 1073 nomen
621 1018 672 1072 est
688 1001 718 1070 in
735 1001 939 1090 Codicibus,
950 1003 1011 1074 sed
1026 1003 1209 1093 Κλοίλιος
1224 1005 1278 1076 ille
1293 1005 1360 1076 dux

183 1128 382 1221 appellatur,
403 1125 497 1223 quod
518 1151 642 1197 nomen
662 1143 697 1196 et
715 1125 864 1197 Sintenis
878 1127 1014 1198 retinuit
1029 1127 1060 1198 in
1076 1128 1228 1200 editione
1244 1130 1361 1200 Teub-

185 1249 319 1321 neriana
340 1250 429 1346 Lips.
459 1251 557 1346 1874.
579 1266 614 1321 et
634 1251 834 1321 Mommsen
854 1251 986 1345 recepit
1005 1252 1036 1321 in
1060 1252 1147 1323 l-list.
1171 1255 1272 1323 Rom.
1295 1254 1359 1324 vol.

183 1378 219 1445 ll.
239 1399 271 1470 p.
297 1399 356 1469 321
382 1374 436 1446 ed.
457 1391 542 1446 sext.
565 1374 732 1469 Equidem
756 1375 800 1446 de
820 1375 953 1446 Cloelio
981 1393 1076 1447 recte
1104 1377 1249 1448 dubitari
1278 1402 1360 1448 cen-

182 1523 261 1570 seo:
283 1498 425 1594 primum
450 1499 539 1570 enim
569 1524 670 1570 nemo
697 1500 858 1587 Cloelius,
887 1500 943 1571 illo
962 1517 1119 1595 tempore
1146 1502 1203 1597 qui
1231 1501 1361 1586 vixerit,

183 1639 283 1694 notus
301 1639 365 1707 est,
393 1623 436 1694 ad
456 1649 559 1719 quem
581 1624 754 1694 Plutarchi
775 1624 888 1695 locum
909 1625 1104 1705 reseramus,
1124 1625 1251 1696 deinde
1277 1650 1363 1720 gens

182 1748 389 1820 Cloeliorum
410 1764 479 1819 tum
499 1748 638 1849 omnino
657 1773 677 1819 e
697 1772 807 1818 rerum
826 1765 996 1842 gestarum
1027 1753 1259 1822 Romanarum
1290 1776 1360 1821 me-

183 1871 290 1944 moria
308 1870 440 1943 videtur
458 1872 635 1943 evanuisse
656 1870 695 1964 lv.
720 1857 757 1942 P.
788 1871 1028 1960 Willemsium,
1059 1875 1108 1944 Le
1135 1878 1232 1945 senat
1259 1874 1303 1946 de
1331 1876 1362 1946 la

184 1996 386 2091 republique
413 1997 565 2068 romaine
593 1997 623 2066 in
652 1996 781 2091 registr.
812 2023 842 2092 p.
873 1996 941 2090 64).
972 1999 1106 2069 Contra
1137 2001 1179 2069 C.
1213 2000 1360 2071 Caelium

184 2120 331 2193 Caldum
351 2121 497 2192 maxime
517 2121 676 2192 idoneum
697 2147 784 2207 esse,
805 2148 907 2217 quem
924 2121 1083 2194 facillima
1097 2123 1284 2195 mutatione
1299 2149 1361 2219 pro
1394 2122 1397 2130 ’

185 2244 317 2316 Cloelio
337 2244 516 2317 intextum
537 2245 751 2341 recipiamus
772 2261 806 2316 et
826 2247 966 2342 reliqua,
991 2272 1069 2341 quae
1097 2246 1142 2318 de
1169 2221 1222 2319 eox
1241 2249 1362 2320 tradita

185 2386 270 2458 sunt,
289 2370 421 2466 optime
440 2396 517 2441 cum
539 2370 593 2441 tali
614 2370 686 2441 eius
706 2370 858 2442 lacinore
877 2371 1062 2442 convenire
1083 2397 1184 2442 nemo
1203 2373 1360 2467 negabit;

184 2520 289 2591 quare
311 2498 513 2567 Drumanno
532 2496 785 2567 assentiendum
806 2522 883 2568 esse
910 2496 1065 2582 arbitror,
1084 2495 1127 2568 ad
1148 2499 1238 2569 hunc
1257 2497 1360 2569 virum

186 2620 360 2692 Plutarchi
382 2621 494 2692 locum
515 2621 687 2707 relerenti,
716 2621 809 2716 quod
830 2622 908 2693 item
922 2621 1012 2692 lecit
1034 2623 1215 2692 Neumann
1237 2621 1267 2691 in
1296 2621 1362 2692 his·
1419 2676 1423 2685 .

184 2745 271 2817 toria
291 2748 448 2817 Romana
466 2771 485 2816 a
504 2745 696 2816 Gotheinio
715 2744 807 2817 edita
826 2743 869 2841 (sp.
896 2744 984 2842 377).

259 2869 364 2941 Vides
395 2869 595 2941 coniectura
621 2869 647 2940 si
681 2895 747 2939 non
779 2886 875 2940 certa
905 2886 1052 2941 attamen
1084 2870 1163 2942 satis
1195 2870 1361 2966 probabili

184 2994 331 3089 aliquam
351 2994 452 3066 Caelii
473 2994 640 3066 fortunam
670 3010 838 3090 repertam
866 3020 954 3081 esse,
982 2996 1117 3088 qualem
1145 3020 1246 3091 supra
1273 2993 1363 3066 desi-

185 3118 385 3191 deravimus.
407 3118 566 3214 Sequitur
589 3135 623 3190 ut
650 3144 842 3214 quaeramus
870 3145 946 3190 num
975 3119 1114 3191 omnino
1142 3145 1219 3190 cum
1247 3121 1363 3192 Caelio

187 3243 243 3314 illo
270 3259 305 3314 et
331 3244 387 3315 tali
419 3244 491 3315 eius
531 3242 684 3315 facinore
715 3243 846 3315 Cicero
872 3269 910 3315 se
939 3244 1046 3339 ipsum
1075 3261 1109 3315 et
1135 3244 1278 3316 consilia
1303 3270 1364 3317 sua

187 3368 335 3462 potuerit
366 3394 578 3464 comparare.
612 3368 680 3439 Cui
712 3368 892 3440 sententiae
918 3367 1028 3440 statim
1055 3370 1193 3440 obstare
1220 3368 1363 3457 videtur,

186 3492 281 3589 quod
300 3495 483 3589 populares
502 3508 615 3588 partes
633 3509 754 3564 contra
774 3493 977 3588 Pompeium
997 3509 1032 3563 et
1058 3494 1182 3565 Sullam
1210 3492 1364 3565 defendit

186 3617 327 3702 Caelius,
356 3617 487 3689 Cicero
514 3616 725 3712 optimatium
754 3634 790 3688 et
818 3617 963 3712 Pompei
991 3634 1105 3713 partes
1132 3633 1269 3690 secutus
1300 3634 1362 3690 est.

190 3743 292 3813 Hanc
319 3741 556 3813 difficultatem
586 3758 620 3812 ut
647 3743 815 3813 solvamus
844 3766 908 3813 una
935 3741 1183 3838 qualiscunque
1209 3742 1261 3814 via
1287 3767 1363 3815 sese

187 3865 286 3956 nobis
303 3867 403 3937 oflert
422 3868 539 3936 haece:
561 3865 724 3960 frequens
742 3864 831 3936 enim
852 3882 932 3936 tunc
950 3865 1042 3961 apud
1061 3866 1272 3938 Ciceronem
1292 3884 1364 3938 erat

130 4008 133 4015 '
186 3992 399 4062 Sullanorum
419 4007 611 4086 temporum
631 3988 838 4076 recordatio,
868 4013 933 4060 nec
960 4005 1073 4061 tamen
1101 4016 1153 4079 ea,
1182 4008 1216 4062 ut
1244 3990 1362 4062 iisdem

186 4138 324 4211 semper
346 4116 447 4186 rebus
474 4130 509 4186 et
536 4114 729 4185 hominibus
756 4113 843 4185 inter
868 4139 906 4185 se
934 4114 1174 4211 comparandis
1200 4115 1263 4188 sibi
1291 4116 1364 4211 ipse

187 4254 370 4312 constaret.
408 4240 510 4311 Sullae
546 4238 635 4310 enim
672 4237 815 4308 similem
847 4262 924 4309 esse
955 4256 990 4310 et
1021 4241 1190 4312 Sullanum
1223 4265 1363 4336 regnum

187 4363 364 4437 adlectare
379 4388 446 4434 non
468 4362 673 4458 Pompeium
694 4362 799 4433 modo
817 4361 962 4433 affirmat
981 4361 1036 4455 (cs.
1057 4363 1099 4435 ad
1118 4367 1185 4434 Att.
1207 4367 1258 4434 lX
1277 4391 1310 4462 7,
1326 4390 1362 4459 33
1473 4446 1476 4453 Ι

195 4514 245 4563 ιο.
259 4512 297 4573 23
318 4488 358 4573 u,
386 4513 394 4556 1
411 4491 485 4582 μζ),
505 4486 566 4558 sed
581 4486 707 4582 saepius
721 4485 823 4557 etiam
843 4487 1031 4575 Caesarem,
1052 4488 1130 4581 quia
1150 4489 1235 4560 illius
1254 4489 1362 4560 victo-
