3374 5272
671 1474 1120 1546 ADNOTATIONES.

371 1797 380 1832 1
402 1783 446 1854 el.
468 1786 516 1853 lX
536 1808 558 1872 o
573 1800 656 1854 extr.
674 1782 997 1856 «dataliberalibus»
1022 1785 1139 1858 ‘'Ovid.
1154 1787 1374 1883 Fastlll713
1393 1786 1482 1883 sqq).

368 1908 446 1980 ²el.
467 1910 517 1978 lX
543 1917 627 2011 156,
650 1910 837 1980 Drumann.
863 1909 951 1980 Hist.
976 1913 1077 1981 Rom.
1098 1914 1138 1982 111
1160 1936 1191 2007 p.
1213 1936 1283 2004 440
1302 1911 1379 1984 adn.
1407 1938 1432 1983 r.

371 2046 382 2098 3
402 2033 445 2104 el.
468 2035 517 2103 lX
544 2058 593 2113 ιο,
613 2059 638 2115 r,
664 2032 753 2104 unde
773 2033 937 2128 postridie
957 2060 1057 2130 quam
1079 2038 1160 2123 lXo
1180 2038 1268 2108 hanc
1278 2037 1483 2133 epistulam*

311 2158 470 2254 scriptam
490 2183 567 2229 esse
586 2175 739 2254 apparet.

368 2281 446 2353 res.
470 2285 518 2352 [Χ
545 2284 637 2365 15,(.

372 2407 446 2477 ses.
469 2409 516 2477 lX
544 2432 645 2491 11‚2:
671 2407 1008 2505 «Quinquatribus»;
1031 2410 1147 2479 mirum
1167 2428 1219 2481 est
1246 2410 1290 2481 de
1318 2413 1484 2484 Trebatio

313 2531 390 2600 nihil
419 2530 537 2602 dicere
564 2531 787 2608 Ciceronem,
820 2530 864 2602 de
891 2557 961 2626 quo
988 2549 1087 2604 antea
1115 2558 1192 2605 cum
1221 2535 1336 2606 Attico
1364 2554 1483 2630 egerat

312 2655 367 2735 (cl.
391 2657 438 2725 lX
458 2682 491 2745 q,
507 2676 540 2748 4)
569 2681 743 2751 quemque
773 2681 836 2727 una
864 2681 940 2726 cum
972 2658 1083 2728 Matio
1104 2659 1165 2729 iter
1185 2658 1308 2730 iecisse
1327 2662 1484 2756 complu-

313 2779 402 2851 ribus
417 2781 502 2851 locis
516 2782 761 2876 comprobatur
776 2783 818 2853 cl.
842 2785 889 2852 11(
918 2804 967 2863 12,
987 2808 1018 2858 r:
1047 2809 1097 2877 ις,
1110 2785 1140 2854 6.
1170 2783 1317 2855 Accedit
1337 2785 1431 2880 quod
1451 2786 1482 2856 in

311 2905 468 2999 epistulae
495 2907 537 2977 ad
570 2907 712 2977 lrlatium
741 2933 769 2977 a.
791 2933 837 2998 44
856 2908 994 3002 scriptae
1021 2880 1075 2979 adi
1092 2908 1168 2979 lam.
1199 2912 1247 2991 xl
1270 2934 1312 3005 27
1334 2914 1352 2997 ξ
1378 2936 1406 3005 3.
1428 2911 1482 2981 ubi

313 3031 409 3102 huius
429 3031 593 3127 colloquii
615 3032 822 3102 mentionem
844 3032 948 3118 inicit,
968 3033 1099 3104 Cicero
1127 3035 1326 3105 Trebatium
1354 3060 1483 3106 sermo-

313 3155 409 3226 nibus
429 3155 619 3226 interfuisse
643 3156 769 3226 scribit.
802 3157 898 3227 Matii
923 3182 1115 3228 sermonum
1141 3158 1237 3253 quasi
1257 3159 1482 3252 l'ragmentum

311 3297 421 3352 exstat
440 3281 482 3351 ad
503 3284 568 3350 litt.
593 3283 640 3350 ΙΧ
667 3306 716 3373 13,
730 3306 760 3372 4.

369 3402 429 3475 ⁶n.
451 3406 704 3499 Sternlrrplirrnr
721 3430 753 3500 p.
775 3407 815 3490 (rr
840 3405 915 3476 adn.
945 3430 1001 3474 rer
1021 3430 1026 3481 ;
1048 3423 1199 3477 ceterum
1217 3407 1284 3478 veri
1304 3407 1412 3478 simile
1431 3423 1483 3478 est

387 3694 395 3712 ·
417 3688 501 3735 Dubia
520 3689 595 3735 lectio
614 3689 691 3734 estin
712 3690 783 3734 liuius
802 3691 918 3748 epistolae
936 3694 947 3743 ξ
964 3691 986 3737 6.
1007 3689 1048 3734 ubi
1068 3690 1150 3734 locum
1169 3703 1198 3734 ex
1216 3688 1289 3735 Attici
1307 3687 1416 3748 quadam
1430 3691 1483 3750 epi-

311 3781 375 3826 stula
394 3779 488 3825 Cicero
512 3780 602 3824 atiert:
628 3778 719 3838 «Quod
745 3780 838 3838 quaeris
855 3794 868 3824 a
887 3794 926 3826 me
943 3779 1064 3841 friguntur
1088 3777 1160 3824 tidam
1185 3792 1214 3823 an
1234 3792 1328 3824 moram
1346 3777 1482 3825 delendam

312 3868 435 3915 utiliorem
455 3877 549 3927 putem.
568 3882 617 3927 ego
635 3881 697 3914 vero
715 3882 785 3927 eqs.r
808 3869 865 3914 Non
883 3869 985 3914 atleram
1012 3868 1137 3914 hominum
1162 3867 1296 3914 doctorum
1321 3868 1483 3933 coniecturas

311 3958 404 4017 quibus
424 3956 523 4004 aridam»
544 3967 568 4004 et
589 3957 752 4004 adolendum»
771 3959 856 4005 verbis
872 3956 995 4004 adiectiva
1013 3957 1169 4004 substituere
1185 3958 1267 4003 conati
1284 3966 1359 4007 sunt:
1378 3964 1481 4017 praestat

313 4047 356 4092 nisi
375 4046 448 4093 l'allor
464 4047 510 4092 alia
528 4046 631 4093 sanandi
651 4047 747 4092 ratione
766 4047 818 4093 uti:
844 4047 962 4093 videntur
980 4047 1044 4092 enim
1063 4046 1142 4091 verba
1161 4046 1300 4092 «utiliorem
1319 4053 1419 4106 putem»
1438 4043 1482 4091 ad-

312 4135 405 4194 scripta
422 4136 480 4181 olim
499 4149 557 4182 esse
574 4134 605 4181 ad
621 4135 793 4184 «delendamr.
809 4136 880 4182 cuius
893 4135 961 4181 vocis
973 4135 1179 4195 significationem
1192 4135 1374 4194 patefacerent.
1389 4133 1482 4181 deinde

312 4225 375 4271 salso
394 4226 415 4270 in
433 4234 527 4272 textum
546 4225 701 4284 inrepsisse:
727 4225 762 4271 lris
779 4233 863 4270 autem
889 4224 974 4270 verbis
993 4224 1096 4270 remotis
1113 4222 1199 4270 addita
1219 4238 1265 4270 una
1284 4225 1422 4271 mutatione
1440 4222 1484 4270 ad-

313 4314 414 4362 modum
433 4315 496 4362 iacili
515 4323 583 4363 totus
609 4317 680 4360 locus
705 4315 800 4374 optime
824 4312 925 4360 videtur
949 4314 996 4372 legi
1022 4327 1098 4373 posse
1116 4314 1169 4360 sic:
1189 4311 1273 4373 «quod
1291 4315 1384 4372 quaeris
1407 4327 1421 4360 a
1444 4329 1483 4361 me

312 4406 400 4464 tuguria
417 4404 489 4451 lidam
506 4418 535 4449 an
555 4417 648 4451 moram
666 4402 801 4450 delendam
819 4403 954 4462 ¹utiliorem
973 4406 1077 4463 putem',
1098 4418 1146 4463 ego
1164 4417 1226 4450 vero
1244 4417 1314 4463 eqs.»
