3374 5272
1380 403 1426 536 u

252 644 388 717 bruario
408 645 553 717 hiemem
586 645 650 718 iam
670 645 904 741 praecipitasse
933 671 1000 717 non
1028 645 1157 717 mireris
1185 644 1278 740 quod
1306 646 1428 716 Caesar

252 769 388 854 dixerit,
409 785 520 841 tamen
540 796 559 841 a
582 790 593 869 5
617 773 750 842 ianuar.
772 796 800 841 a.
822 771 868 863 48
897 795 962 841 non
991 769 1083 841 multi
1112 795 1248 841 menses
1274 769 1427 865 praeteri-

252 912 359 973 erant,
379 894 440 965 sed
461 920 503 965 ne
522 893 664 965 duorum
684 894 822 991 quidem
842 893 985 990 spatium
1005 911 1078 965 erat
1096 896 1281 990 expletum.

329 1023 445 1114 itaque
459 1037 515 1090 aut
526 1036 598 1091 tota
609 1020 662 1091 iiia
676 1036 867 1115 temporum
884 1019 979 1105 ratio,
995 1045 1095 1115 quam
1111 1044 1213 1114 supra
1228 1017 1427 1105 invenimus

256 1145 354 1217 nobis
372 1143 554 1216 abicienda
572 1162 628 1216 aut
647 1144 691 1216 de
710 1145 861 1218 Caesaris
880 1147 959 1217 ioco
988 1145 1087 1217 nobis
1114 1143 1336 1215 dubitandum
1364 1159 1425 1214 est.

257 1273 330 1341 Jam
344 1269 368 1340 si
386 1266 590 1363 reputamus,
607 1295 701 1341 usum
717 1271 910 1355 verborum,
926 1269 1038 1364 qualia
1056 1285 1134 1340 sunt
1156 1267 1281 1351 «multi,
1303 1266 1424 1362 pauci»

261 1409 294 1464 et
311 1392 438 1473 similia,
460 1409 495 1464 et
513 1419 575 1489 per
593 1420 630 1466 se
657 1394 736 1466 satis
764 1420 840 1467 esse
869 1394 1009 1465 liberum
1038 1410 1073 1464 et
1099 1394 1151 1464 vei
1181 1391 1325 1464 maxime
1352 1417 1429 1463 esse

259 1517 348 1614 apud
376 1519 553 1591 Caesarem
588 1526 626 1609 (u.
655 1519 885 1606 Judeicbium,
914 1521 1035 1592 Caesar
1063 1517 1104 1588 im
1135 1517 1261 1588 Orient
1289 1541 1319 1611 p.
1352 1515 1427 1609 163)

256 1667 361 1738 porro
375 1642 400 1713 si
418 1659 623 1737 reputamus,
644 1644 776 1717 Caesari
791 1643 848 1740 qui
866 1643 897 1713 in
913 1628 1046 1714 summo
1066 1641 1220 1738 periculo
1239 1657 1430 1712 versaretur

257 1783 291 1838 et
319 1792 385 1837 non
413 1765 485 1838 sine
512 1766 611 1841 animi
640 1767 894 1863 desperatione,
923 1767 1017 1862 quod
1044 1766 1289 1861 comprobatur
1307 1764 1429 1836 audaci

257 1890 329 1962 eius
348 1891 541 1979 conamine,
561 1891 711 1963 subsidia
730 1891 953 1988 opperiretur,
975 1891 1046 1962 sine
1062 1890 1167 1962 dubio
1181 1889 1281 1962 etiam
1298 1889 1430 1985 longius

257 2015 362 2086 visum
382 2041 459 2088 esse
478 2017 641 2113 temporis
660 2016 803 2112 spatium
824 2043 924 2112 quam
945 2042 1066 2111 reapse
1085 2032 1157 2087 erat
1183 2026 1221 2095 (u.
1254 2015 1429 2087 Hoimann

258 2141 301 2212 ad
321 2143 414 2212 Caes.
436 2143 454 2212 l.
477 2139 520 2235 ii,
541 2141 692 2236 denique
710 2141 736 2212 si
756 2141 863 2213 addas
883 2168 949 2213 non
970 2141 1042 2212 sine
1061 2140 1207 2213 consilio
1226 2141 1370 2212 sortasse
1398 2141 1428 2211 in

259 2284 451 2362 temporum
472 2267 603 2338 ratione
622 2266 831 2362 exponenda
849 2267 952 2362 pauio
970 2265 1205 2338 obscuriorem
1226 2265 1328 2336 fuisse
1348 2266 1431 2337 Cae-

259 2393 394 2462 sarem*
422 2390 629 2464 haecomnia
648 2416 725 2463 cum
746 2409 951 2487 reputamus,
979 2391 1030 2462 vix
1059 2390 1183 2487 opinor
1209 2390 1323 2462 iacere
1350 2415 1431 2485 pos-

260 2541 374 2587 sumus
393 2515 471 2613 quin
493 2516 595 2587 iidem
615 2517 801 2588 habeamus
819 2515 971 2588 Suetonii
991 2532 1120 2588 certum
1149 2541 1324 2586 numerum
1351 2515 1432 2587 affe-

261 2641 364 2714 rentis
382 2640 589 2727 testimonio,
610 2641 761 2712 Caesaris
780 2643 884 2713 verba
903 2643 1133 2737 neglegamus

333 2758 515 2837 Accedunt
542 2765 612 2837 duo
638 2765 702 2836 alia
728 2782 937 2861 argumenta,
965 2791 1045 2860 quae
1072 2765 1115 2836 ad
1135 2765 1430 2860 comprobandam

261 2892 347 2961 banc
375 2889 574 2961 sententiam
603 2890 705 2962 liceat
730 2890 861 2962 afferre.
903 2891 1050 2962 Primum
1083 2889 1172 2962 enim
1205 2889 1431 2962 consideratis

261 3014 384 3102 causiS,
413 3014 536 3110 quibus
555 3017 607 3086 vel
628 3015 773 3087 maxime
793 3017 915 3088 Caesar
933 3032 1127 3088 commotus
1146 3032 1198 3087 est
1225 3040 1267 3086 ne
1294 3014 1430 3086 Antonii

259 3139 431 3212 transitum
447 3137 571 3210 differri
587 3156 770 3235 pateretur,
782 3140 825 3213 ad
842 3140 874 3212 id
886 3140 963 3212 anni
978 3158 1112 3235 tempus
1128 3164 1338 3226 revocamur,
1360 3165 1430 3235 quo

262 3263 407 3336 difficilis
426 3263 598 3336 etiamtum
618 3281 689 3335 erat
717 3265 884 3360 navigatio
913 3265 943 3334 in
972 3265 1052 3337 mari
1080 3264 1256 3337 Adriatico
1284 3264 1430 3336 necdum

266 3386 399 3459 «durius
412 3407 547 3484 tempus
562 3387 606 3460 ad
620 3390 916 3486 transportandum
933 3390 1118 3461 lenioribus
1132 3389 1260 3461 ventis»
1279 3390 1322 3461 cf.
1336 3391 1430 3461 Caes.

263 3513 303 3581 lii
325 3532 379 3610 25.
396 3538 408 3607 3
425 3536 432 3595 ;
450 3512 595 3608 Appian.
617 3517 643 3585 il
668 3515 719 3619 56.

334 3637 484 3708 Alterum
511 3656 744 3734 argumentum
776 3642 820 3711 ab
851 3640 889 3710 iis
921 3642 1022 3711 rebus
1053 3639 1239 3735 petendum
1271 3656 1323 3710 est
1352 3665 1432 3734 quae

260 3761 386 3833 eodem
416 3760 487 3833 sere
513 3779 680 3859 tempore,
709 3790 779 3860 quo
807 3789 860 3834 res
886 3763 929 3835 ad
956 3766 1096 3859 Apsum,
1124 3763 1191 3835 aiio
1218 3766 1299 3835 loco
1324 3780 1432 3859 gestae

260 3903 345 3958 sunt.
367 3885 566 3958 Coniuncto
581 3887 670 3958 enim
686 3887 823 3959 Antonii
837 3887 990 3959 exercitu
1011 3889 1134 3959 Caesar
1151 3889 1218 3958 Cn.
1241 3886 1431 3958 Domitium

260 4011 439 4083 Calvinum
460 4036 536 4083 cum
558 4011 689 4084 duabus
716 4011 906 4107 legionibus
934 4011 965 4082 in
995 4011 1241 4084 Macedoniam
1271 4010 1358 4082 misit
1385 4011 1429 4080 ct.

261 4135 354 4206 Caes.
383 4139 424 4207 iil
457 4162 510 4230 34,
526 4160 562 4230 33
591 4162 661 4232 quo
688 4160 765 4207 cum
794 4136 849 4208 iiie
868 4136 1062 4208 advenisset
1088 4153 1122 4208 et
1149 4136 1319 4208 civitatum
1339 4137 1431 4232 lega-

336 4370 345 4388 *
365 4364 483 4411 Similiter
500 4373 643 4425 temporum
662 4367 783 4413 rationem
803 4366 908 4414 consilio
925 4380 939 4412 a
957 4366 1061 4413 Caesarc
1079 4365 1252 4426 perturbatam
1271 4379 1329 4411 esse
1348 4365 1369 4410 in
1385 4366 1431 4412 alia

261 4471 288 4502 re
306 4456 449 4516 suspicatus
467 4464 505 4502 est
525 4456 615 4517 Bergk,
637 4456 714 4503 Beitr.
732 4469 776 4501 zur
793 4456 856 4501 rom.
876 4455 999 4502 Chronot.
1021 4456 1051 4501 ill
1071 4470 1095 4515 p.
1115 4457 1161 4511 or«)
1179 4468 1217 4516 sq.
1229 4453 1356 4518 (Fleckcis
1373 4469 1429 4502 ann.

260 4545 347 4605 Suppi.
367 4545 426 4590 ΧΙΙΙ
447 4543 523 4606 1884).
