3374 5272
1388 413 1423 482 31

252 591 285 678 8,
297 613 338 683 4;
358 588 464 683 (Caes.
485 593 496 660 l
521 614 574 685 39,
590 614 626 691 33
647 590 702 662 oo.
720 586 758 688 ς).
780 593 869 661 Tum
889 589 934 661 de
948 589 1062 661 Sicilia
1077 611 1282 686 quamquam
1298 591 1428 662 auctori

251 740 369 812 parum
391 715 563 786 luculento
591 740 656 786 non
685 739 822 810 prorsus
849 713 1048 787 confidebat
1075 713 1216 801 Cicero,
1246 729 1357 787 tamen
1385 714 1430 787 nil

251 838 397 926 adversi,
426 839 528 910 immo
547 837 700 910 secunda
719 838 955 911 nuntiabantur
974 836 1028 930 (cl.
1058 842 1093 908 X
1127 863 1199 926 raa,
1232 837 1279 932 3l:
1312 841 1430 911 «Con-

253 990 387 1037 cursum
407 963 596 1035 Siculorum
616 961 658 1034 ad
678 965 850 1035 Catonem
872 963 996 1055 lactum
1017 989 1104 1049 esse,
1133 988 1249 1035 orasse
1271 979 1305 1035 ut
1331 963 1430 1036 resis-

256 1104 353 1176 teret,
392 1087 506 1159 omnia
532 1087 718 1182 pollicitos,
745 1104 955 1160 commotum
984 1087 1072 1160 illum
1101 1088 1273 1160 delectum
1303 1090 1430 1161 habere

258 1212 447 1309 coepisset⁸⁴

329 1341 401 1410 lam
417 1363 495 1409 cum
511 1337 556 1408 ita
570 1337 642 1409 lere
661 1363 738 1410 sese
757 1339 923 1410 haberent
942 1363 998 1410 res
1016 1353 1180 1427 externae,
1201 1337 1285 1409 intra
1304 1336 1428 1409 ltaliam

258 1487 397 1559 quoque
416 1460 552 1533 minime
569 1463 740 1534 florebant
766 1487 820 1534 res
847 1461 1014 1534 Caesaris:
1044 1460 1099 1557 qui
1128 1488 1203 1534 cum
1234 1465 1359 1534 Romae
1387 1461 1430 1532 nil

255 1602 464 1659 consecutus
482 1602 584 1673 esset,
614 1585 717 1657 immo
737 1586 781 1659 ita
799 1585 890 1682 apud
910 1588 1045 1682 plebem
1067 1585 1111 1658 de
1129 1587 1251 1658 aerario
1270 1585 1431 1658 ollendis-

254 1727 319 1799 set,
348 1727 383 1782 ut
410 1726 488 1782 ante
517 1710 767 1806 prosectionem
800 1711 997 1782 contionem
1031 1712 1159 1782 habere
1191 1737 1257 1782 non
1289 1710 1432 1782 auderet

258 1838 553 1932 vehementerque
572 1835 684 1907 animo
705 1837 902 1932 perturbato
920 1836 1196 1931 proficisceretur
1223 1835 1278 1929 (cl.
1307 1835 1432 1908 Curio-

259 1961 308 2032 nis
328 1960 553 2033 narrationem
573 1985 626 2056 ap.
648 1961 725 2033 Cic.
750 1961 804 2032 ad.
833 1963 899 2032 Att.
929 1964 963 2030 X
983 1987 1015 2053 4,
1027 1959 1073 2054 8),
1103 1953 1175 2056 ipse
1202 1963 1333 2032 assecla
1360 1960 1432 2032 eius

260 2087 303 2157 C.
335 2085 534 2157 Scribonius
560 2085 670 2156 Curio
698 2087 798 2158 rebus
825 2085 897 2157 eius
924 2084 1102 2158 dillidebat
1129 2111 1193 2157 nec
1220 2085 1457 2157 Ciceronem.

261 2212 393 2282 celabat
411 2209 646 2297 diffidentiam,
671 2229 706 2283 ut
732 2228 876 2307 apparet
901 2237 944 2283 ex
972 2211 1068 2283 liuius
1094 2211 1206 2282 verbis
1232 2210 1275 2282 ad
1302 2214 1368 2281 Att.
1399 2214 1432 2280 Χ

264 2361 296 2430 7,
310 2357 346 2405 2:
370 2334 499 2406 «Curio
518 2360 653 2406 mecum
671 2335 754 2407 vixit
773 2336 887 2408 iacere
905 2338 1083 2408 Caesarem
1102 2351 1224 2430 putans
1242 2334 1433 2406 offensione

260 2459 413 2556 populari
434 2459 630 2555 Siciliaeque
648 2459 819 2545 diffidens,
847 2459 873 2533 si
904 2460 1091 2556 Pompeius
1118 2459 1275 2554 navigare
1302 2458 1433 2554 coepis-

256 2600 340 2655 set.»
378 2585 505 2679 Neque
532 2609 615 2655 vero
645 2609 776 2656 errasse
805 2583 993 2655 Curionem
1026 2583 1070 2655 de
1101 2581 1291 2654 offensione
1322 2607 1433 2677 popu-

256 2707 315 2780 lari
359 2709 605 2803 comprobatur
648 2707 897 2803 significatione
941 2707 996 2779 illa
1039 2706 1125 2779 ludis
1171 2706 1360 2778 Floralibus
1396 2707 1432 2777 in

257 2834 393 2904 theatro
412 2831 513 2914 lacta,
533 2831 578 2903 de
597 2856 665 2927 qua
683 2856 715 2927 p.
739 2855 776 2902 21
801 2830 957 2918 diximus,
977 2831 1073 2902 cuius
1088 2831 1221 2903 nuntius
1235 2830 1361 2902 eodem
1376 2830 1433 2902 die

256 2955 423 3029 Ciceroni
442 2956 573 3029 adlatus
591 2972 655 3045 est,
675 2983 745 3053 quo
765 2956 908 3052 primum
928 2955 1072 3027 Caeliani
1093 2955 1301 3027 mentionem
1317 2954 1433 3026 iniecit

258 3081 289 3152 in
308 3080 460 3179 epistulis
479 3080 535 3175 (cl.
556 3081 599 3154 ad
617 3087 684 3153 Att.
706 3085 740 3152 X
767 3083 841 3169 rab,
856 3081 898 3185 a).
920 3084 961 3152 Et
980 3083 1044 3153 hac
1064 3105 1261 3177 quoquere
1281 3079 1432 3152 nonnihil

258 3205 356 3277 animi
376 3203 528 3277 additum
547 3231 626 3278 esse
645 3207 822 3296 Ciceroni,
850 3231 928 3278 cum
948 3231 1065 3302 perse
1083 3205 1124 3277 sit
1143 3204 1334 3292 verisimile,
1362 3221 1432 3276 tum

259 3331 500 3426 comprobatur
518 3331 630 3403 verbis
648 3331 722 3403 eius
739 3331 782 3403 ad
802 3335 869 3403 Att.
890 3335 925 3402 X
944 3332 976 3420 8,
989 3332 1020 3402 b.
1053 3333 1110 3402 De
1129 3329 1336 3426 municipum
1363 3329 1434 3402 ani-

261 3453 321 3526 mis
339 3454 382 3526 cf.
403 3457 451 3526 lX
478 3453 657 3550 19,r;(ad
677 3456 754 3527 sam.
773 3458 847 3526 Vlll
873 3453 980 3553 ipa).

332 3577 399 3650 Sed
417 3578 612 3651 accedebat
631 3580 729 3652 tertia
747 3605 800 3651 res
819 3581 921 3674 longe
938 3578 1135 3675 gravissima
1149 3594 1184 3649 et
1198 3578 1330 3650 Caesari
1347 3579 1434 3674 peri-

257 3702 479 3792 culosissima,
500 3703 638 3776 militum
658 3705 762 3801 ipsius
780 3704 880 3776 animi
898 3705 923 3776 si
944 3730 1010 3775 non
1030 3702 1180 3776 omnium
1199 3720 1233 3775 at
1252 3706 1431 3775 multorum

258 3827 352 3923 quod
372 3852 491 3923 parum
509 3846 606 3900 erant
624 3829 707 3900 firmi
727 3846 831 3923 atque
850 3828 980 3900 fideles.
1009 3828 1118 3900 Cuius
1136 3829 1183 3900 rei
1203 3828 1431 3900 testimonium

258 3978 325 4025 non
344 3953 482 4025 afferam
501 3980 580 4049 quae
599 3971 722 4050 postea
740 3953 876 4026 demum
894 3971 993 4050 gesta
1011 3970 1098 4040 sunt,
1130 3953 1333 4025 seditionem
1356 3956 1433 4025 Pla-

259 4078 428 4150 centinam
448 4103 597 4175 quaeque
618 4080 820 4152 Plutarchus
839 4081 932 4151 Caes.
958 4105 998 4176 37
1019 4077 1119 4150 tradit
1137 4077 1181 4149 de
1202 4078 1339 4149 militum
1363 4077 1433 4150 ani-

258 4200 337 4279 mis:
367 4201 471 4296 ipsius
489 4203 672 4275 Ciceronis
691 4206 790 4276 locos
810 4205 974 4276 habemus
996 4203 1119 4300 quibus
1146 4228 1200 4275 res
1226 4204 1433 4298 comproba-

256 4340 309 4396 tur
341 4343 574 4422 quantumque
605 4328 648 4400 ad
680 4328 864 4400 Ciceronis
895 4328 1038 4400 consilia
1068 4327 1263 4399 delinienda
1294 4327 1434 4399 valuerit

256 4449 422 4522 efficitur:
447 4450 490 4522 ad
508 4455 575 4522 Att.
604 4455 639 4522 X
666 4453 740 4539 rab,
762 4476 800 4522 2:
838 4452 1031 4548 «legiones
1061 4452 1163 4523 etiam
1195 4453 1255 4522 has
1285 4476 1370 4546 quas
1401 4451 1432 4521 in
