3374 5272
256 344 302 415 40

256 526 332 599 dam
353 525 535 621 legitimam
557 540 761 621 potestatem
783 539 917 596 nactum
938 547 1033 610 esse;
1056 520 1118 596 iam
1139 548 1168 595 c.
1195 550 1235 620 37
1255 520 1323 594 init.
1354 544 1430 618 per-

253 651 320 746 git:
338 680 349 712 l
360 643 482 747 τυχὼν
494 643 534 722 {ld
551 645 803 744 rodroulua'yn
814 643 940 738 εὐθὺς
953 648 1431 745 καὶάναγκαῖονιιρᾶγμα

256 764 525 872 ὃιώρθωσεν»,
547 777 723 872 legesque,
748 775 792 845 de
812 774 967 869 pecuniis
987 775 1108 845 mutuis
1127 775 1213 845 illam
1233 790 1267 845 et
1286 773 1429 844 similem

254 902 406 982 alteram,
425 899 577 993 exponit.
599 899 660 968 Alii
680 915 840 969 auctores
860 899 964 989 (Caes.
988 901 1027 968 lll
1054 923 1112 984 1‚2
1133 925 1183 994 sq.
1205 903 1291 994 App.
1314 901 1339 968 ll
1359 898 1429 990 48:

257 1026 344 1095 Plut.
365 1025 459 1095 Caes.
486 1024 538 1119 37]
558 1048 576 1093 a
596 1021 764 1093 dictatore
785 1024 928 1094 Caesare
948 1024 1057 1116 legem
1078 1022 1122 1093 de
1139 1023 1293 1119 pecuniis
1308 1024 1431 1094 mutuis

255 1149 366 1221 datam
395 1173 472 1219 esse
500 1164 651 1234 narrant;
685 1172 789 1242 quare
817 1146 1002 1218 dolendum
1031 1166 1083 1218 est
1110 1149 1204 1243 quod
1234 1149 1276 1218 nil
1304 1148 1431 1220 certius

254 1272 298 1344 de
326 1290 482 1368 tempore
508 1272 581 1342 eius
608 1287 756 1342 statuere
784 1295 982 1366 possumus;
1017 1297 1090 1343 nam
1121 1297 1217 1344 unam
1247 1275 1356 1367 legem
1385 1272 1431 1344 de

255 1395 457 1468 revocandis
472 1396 617 1467 ambitus
632 1396 708 1489 lege
728 1394 893 1489 Pompeia
908 1394 1075 1466 damnatis
1089 1415 1168 1467 ante
1186 1423 1225 1466 ro
1239 1399 1428 1468 Decembr.

255 1539 406 1616 rogatam
427 1546 504 1591 esse
528 1519 606 1590 inde
635 1517 847 1589 concludere
875 1518 966 1606 licet,
994 1519 1088 1613 quod
1117 1521 1296 1592 Antonium
1326 1520 1432 1591 tribu-

255 1671 331 1717 num
362 1646 498 1739 plebem
528 1643 604 1715 ltuic
633 1643 680 1713 rei
710 1642 900 1713 interfuisse
928 1661 1063 1714 constat
1089 1669 1109 1714 e
1136 1645 1321 1718 Ciceronis
1349 1647 1431 1715 loco

256 1770 341 1839 Pltil.
367 1794 466 1862 ως,
484 1769 534 1863 tl.

326 1896 398 1964 lam
420 1892 551 1963 etiamsi
572 1890 613 1961 nil
633 1891 716 1961 certi
738 1890 781 1961 de
797 1890 851 1961 illa
866 1916 901 1961 re
916 1891 1015 1962 statui
1032 1917 1134 1987 posse
1149 1893 1312 1981 videatur,
1334 1912 1430 1966 recte

259 2019 490 2089 llolmannum
511 2016 554 2088 ad
576 2015 746 2086 ineuntem
767 2041 918 2086 mensem
940 2017 1134 2088 Octobrem
1164 2020 1314 2091 Caesaris
1341 2019 1432 2091 redi-

186 2233 188 2238 ,
254 2160 322 2214 tum
344 2167 527 2217 revocasse
547 2141 699 2212 arbitror.
731 2142 795 2211 lter
821 2141 910 2212 enim
942 2143 1117 2214 Placentia
1147 2147 1292 2217 Romam
1322 2172 1430 2241 usque
1467 2226 1469 2230 ,

260 2294 325 2352 300
345 2293 410 2364 mp.
433 2293 551 2364 7-ro
571 2266 693 2351 diebus
713 2266 767 2337 ille
787 2268 955 2360 perlicere
975 2269 1084 2362 potuit
1105 2294 1217 2363 neque
1238 2295 1376 2366 usquam
1397 2271 1429 2341 in

255 2392 374 2464 itinere
391 2392 515 2463 diutius
529 2418 605 2463 eum
622 2408 869 2462 commoratum
886 2417 963 2462 esse
977 2409 1033 2462 aut
1053 2393 1150 2464 ullius
1169 2394 1292 2465 veteris
1311 2413 1431 2466 aucto·

255 2518 297 2588 ris
317 2517 513 2589 testimonio
533 2518 753 2587 conlirmatur
771 2533 826 2586 aut
847 2540 964 2610 perse
983 2517 1051 2587 veri
1071 2537 1123 2589 est
1142 2518 1259 2590 simile.

328 2646 493 2714 Ceterum
521 2659 587 2713 tum
608 2640 755 2719 demum,
787 2666 853 2710 non
875 2666 991 2711 mense
1012 2642 1115 2737 Aprili
1135 2643 1260 2715 lactum
1289 2670 1366 2716 esse
1396 2662 1430 2716 ut

253 2767 297 2838 de
330 2767 423 2863 pacis
456 2765 575 2859 legatis
606 2764 648 2835 ad
683 2764 886 2858 Pompeium
920 2765 1091 2837 mittendis
1130 2767 1211 2838 Piso
1248 2771 1426 2840 Caesarem

251 2891 500 2973 adhortaretur,
538 2890 588 2960 vel
623 2888 701 2959 inde
732 2889 959 2960 concluserim
993 2890 1087 2984 quod
1119 2891 1263 2979 Cicero,
1298 2893 1352 2964 ubi
1384 2894 1430 2966 de

253 3017 353 3087 rebus
373 3039 490 3085 mense
510 3013 613 3108 Aprili
637 3016 761 3084 Romae
779 3013 884 3106 gestis
904 3013 1062 3109 loquitur,
1084 3041 1247 3111 nusquam
1266 3018 1428 3089 Pisonem

253 3139 295 3211 ad
315 3139 466 3211 Caesaris
495 3155 649 3242 senatum
678 3137 812 3207 venisse
839 3137 1017 3232 significat,
1046 3166 1146 3235 quem
1177 3141 1270 3213 initio
1298 3159 1430 3238 pertur-

253 3264 399 3336 bationis
418 3264 463 3334 rei
485 3262 633 3357 publicae
651 3287 671 3332 a
688 3262 805 3355 generi
827 3262 977 3357 partibus
1000 3290 1067 3335 non
1095 3267 1230 3338 stetisse
1258 3268 1430 3363 expressis

252 3388 363 3460 verbis
390 3388 506 3458 Attico
534 3385 744 3456 nuntiaverit.
780 3387 968 3458 Plutarcho
1000 3387 1099 3483 igitur
1130 3392 1234 3483 (Caes.
1273 3418 1314 3489 37
1347 3393 1428 3487 init.)

253 3513 339 3584 fides
359 3511 517 3584 habenda
536 3527 586 3581 est
606 3535 683 3581 cum
706 3509 835 3605 Langio
856 3513 895 3580 lll
916 3535 947 3605 p.
969 3538 1035 3604 413
1059 3539 1109 3609 sq.
1137 3518 1359 3589 Mommseno
1387 3520 1427 3588 lll

256 3663 287 3733 p.
315 3662 392 3732 392,
422 3662 488 3706 non
512 3633 617 3705 Dioni
638 3660 693 3727 41,
717 3634 757 3703 rb
784 3651 881 3720 extr,
911 3651 945 3706 ut
974 3639 1151 3710 Drumann
1179 3641 1293 3712 voluit.
1315 3646 1428 3736 Atque

253 3787 336 3833 vero
354 3761 425 3832 Dio
441 3761 515 3856 ipse
529 3759 646 3831 addita
661 3782 749 3829 voce
769 3755 900 3831 «ποτέ»
921 3761 987 3831 ltoc
1003 3761 1136 3834 videtur
1151 3764 1300 3837 innuere.

327 3888 475 3957 Romam
491 3908 645 3955 reversus
660 3881 770 3953 statim
787 3882 989 3956 dictaturam
1006 3884 1076 3957 iniit
1090 3913 1158 3985 qua
1173 3906 1252 3985 post
1267 3889 1425 3962 undecim

253 4010 327 4081 dies
346 4035 423 4081 sese
450 4007 631 4081 abdicavit.
664 4006 806 4078 Deinde
833 4024 890 4079 aut
917 4008 948 4078 in
978 4013 1060 4082 urbe
1087 4030 1143 4084 aut
1170 4039 1280 4110 prope
1309 4017 1426 4086 urbem

254 4132 424 4228 usquead
444 4132 695 4228 prosectionem
715 4149 946 4205 commoratus
965 4151 1026 4205 est.

288 4254 322 4306 ⁶⁸
343 4260 401 4328 De
421 4257 571 4328 Caesaris
590 4257 807 4352 profectione
826 4258 870 4328 cl.
896 4259 1040 4355 Appian.
1066 4264 1092 4332 ll
1116 4264 1162 4355 48
1185 4281 1268 4335 extr.
1290 4261 1428 4355 «αὐτός

253 4381 293 4454 ie
311 4376 410 4481 ἐξῄει
430 4381 687 4478 Δεκεμβρίου
709 4373 839 4476 μηνὸς
862 4379 1074 4493 Ῥῳμαώις
1100 4382 1215 4475 ὄντος
1242 4387 1314 4462 οὐκ
1329 4388 1428 4477 otna-
