3374 5272
1308 383 1347 455 41

180 563 327 660 1trainam
346 550 437 638 aridi:
459 564 520 662 τῆς
539 562 655 662 ἀρχῆς
673 557 882 662 ἑνεκάτὴν
901 571 1129 663 νονμηνάτν
1156 573 1223 639 τοῦ
1246 567 1356 656 ἔτους

180 687 491 787 πλησιάζουσανς
523 692 627 762 Dion.
658 719 715 785 41,
732 718 784 785 τι),
803 719 810 761 r
829 716 836 761 t
857 682 1035 790 ἐντ’ἐξόὸῳ
1053 699 1120 766 τοῦ
1155 694 1263 780 ἔτους
1288 697 1357 773 καί

180 821 275 913 πρὶν
304 817 344 904 ἐς
370 810 439 912 τὴν
464 815 658 889 ὑπατείαν
683 818 723 905 ἐς
748 814 797 914 ἢν
823 812 1135 914 ἐκεχειροτόνητο
1166 811 1356 891 ἐσελθεῖν

180 938 382 1038 ἐξώρμησε
401 984 444 993 -
465 944 532 1013 hoc
554 941 650 1036 igitur
670 959 825 1037 tempore
855 941 1068 1013 Brundisium
1088 943 1265 1038 proiectus
1291 958 1355 1029 est,

181 1093 251 1163 quo
275 1071 617 1163 «ττερίχειμερὼυς
631 1060 774 1163 τροπὰς
783 1097 793 1129 r
813 1066 912 1162 (App.
930 1069 948 1136 l.
966 1066 998 1160 l.)
1013 1093 1149 1138 omnem
1166 1056 1354 1138 exercitum

182 1193 368 1263 convenire
401 1192 559 1263 iusserat:
597 1209 720 1285 «atque
751 1216 833 1262 vero
861 1193 990 1262 brumae
1017 1208 1173 1287 tempore
1202 1191 1219 1260 i.
1249 1216 1279 1261 e.
1311 1214 1350 1283 23

185 1317 373 1387 Decembr.
404 1316 546 1410 primum
573 1340 592 1386 a
622 1314 803 1385 Brundisio
832 1340 933 1386 naves
960 1318 1093 1387 solvere
1121 1331 1264 1387 conatus
1292 1330 1354 1399 est,

185 1439 277 1535 quod
317 1466 399 1511 unus
435 1455 544 1511 narrat
571 1439 745 1535 Appianus
773 1441 798 1509 ll
831 1434 1048 1537 54.*'Quare
1076 1466 1143 1510 non
1172 1456 1250 1534 post
1277 1437 1353 1508 idus

186 1566 404 1658 Decembres
423 1589 442 1636 a
462 1567 577 1635 Roma
595 1566 717 1635 Caesar
735 1564 912 1658 profectus
931 1589 1007 1635 esse
1027 1564 1195 1660 putandus
1214 1581 1275 1636 est.

219 1683 252 1748 ⁶9
271 1687 314 1758 cf.
337 1689 429 1759 Caes.
451 1688 482 1758 b.
505 1711 535 1757 c.
557 1689 598 1757 lll
618 1689 649 1772 b,
665 1712 694 1757 2.

219 1824 255 1876 70.
271 1812 315 1883 cs.
337 1812 416 1883 ibid.
443 1838 470 1907 3.

219 1950 248 1999 7Ῑ
271 1939 426 2031 Tempus
453 1962 524 2032 quo
551 1935 593 2007 ad
626 1940 752 2030 Apsum
782 1952 924 2031 uterque
952 1955 1063 2009 castra
1090 1940 1217 2010 habere
1244 1938 1355 2034 coepit

184 2063 247 2134 hac
279 2062 350 2132 sere
370 2061 501 2132 ratione
532 2060 762 2131 deliniendum
795 2077 864 2131 est:
898 2087 942 2132 eo
974 2062 1062 2133 enim
1091 2079 1258 2158 tempore,
1286 2089 1356 2159 quo

183 2188 304 2257 Caesar
322 2185 441 2280 copias
469 2185 499 2255 in
528 2183 702 2255 Craeciam
730 2185 874 2271 traiecit,
905 2186 1092 2281 Pompeius
1120 2187 1150 2256 in
1179 2186 1357 2258 Candavia

183 2325 255 2381 erat
273 2308 328 2404 (cl.
350 2312 444 2381 Caes.
467 2312 505 2379 lll
533 2335 582 2396 rr,
597 2307 647 2393 2i3
667 2334 712 2379 eo
732 2308 830 2404 igitur
848 2309 890 2380 ad
910 2282 986 2380 eum
1007 2311 1097 2382 venit
1126 2313 1162 2381 L.
1192 2311 1357 2382 Vibullius

186 2435 307 2522 Rufus
327 2435 508 2506 adventum
531 2434 683 2505 Caesaris
702 2435 875 2519 nuntians;
905 2435 961 2529 qui
982 2461 1059 2507 cum
1079 2461 1208 2507 summa
1236 2436 1357 2507 celeri·

184 2575 252 2631 tate
275 2560 495 2631 «continuato
516 2576 618 2631 nocte
638 2583 679 2630 ac
699 2558 755 2629 die
784 2559 924 2630 itinere»
953 2586 1030 2631 usus
1056 2560 1108 2646 sit,
1139 2560 1200 2632 iter
1227 2586 1256 2632 c.
1293 2582 1357 2653 150

185 2709 251 2779 mp.
277 2711 368 2780 3-ry
387 2684 508 2756 diebus
527 2683 715 2780 perfecisse
735 2684 904 2780 putandus
922 2701 984 2771 est,
1006 2684 1050 2756 ita
1066 2701 1099 2756 ut
1114 2711 1144 2756 c.
1168 2712 1207 2757 ro
1221 2688 1355 2757 ianuar.

184 2809 227 2880 ad
261 2809 464 2905 Pompeium
497 2809 644 2888 uenerit;
679 2809 704 2879 is
735 2835 791 2880 ‹rre
820 2833 907 2880 nova
934 2812 1148 2915 perturbatus
1176 2810 1358 2883 maioribus

186 2934 359 3006 itineribus
378 2933 594 3029 Apolloniam
623 2950 742 3028 petere
762 2934 907 3029 coepit»,
932 2933 994 3005 sed
1022 2935 1150 3006 certior
1177 2935 1286 3007 sactus
1313 2936 1357 3007 de

184 3058 366 3155 Apollonia
384 3076 419 3129 et
439 3058 550 3129 Orico
569 3057 707 3153 oppidis
726 3082 745 3128 a
763 3059 907 3129 Caesare
925 3059 1117 3154 occupatis
1139 3061 1357 3157 Dyrrhachio

184 3183 305 3255 timens
324 3181 450 3254 diurnis
469 3207 513 3253 eo
532 3182 778 3276 nocturnisque
794 3181 968 3254 itineribus
983 3183 1162 3254 contendit
1177 3200 1357 3280 castraque

185 3332 294 3402 prope
314 3306 479 3402 oppidum
500 3306 617 3378 metari
647 3306 757 3393 iussit3
787 3332 857 3401 quo
885 3308 987 3395 iacto,
1017 3332 1093 3379 curn
1123 3310 1244 3380 Caesar
1271 3335 1359 3405 prae-

186 3448 359 3528 occupato
379 3432 498 3503 itinere
516 3431 560 3503 ad
583 3431 834 3528 Dyrrhachium
859 3433 958 3503 linem
983 3433 1191 3529 properandi
1220 3433 1359 3506 iecisset

185 3574 220 3629 et
241 3574 352 3630 castra
378 3558 420 3628 ad
449 3559 572 3629 flumen
601 3561 729 3651 Apsum
756 3557 927 3652 posuisset
954 3557 985 3627 in
1013 3558 1134 3629 linibus
1161 3559 1360 3654 Apollonia-

184 3683 277 3771 tium,
298 3683 370 3778 ipse
389 3707 530 3778 quoque
549 3708 569 3754 a
589 3682 807 3779 Dyrrhachio
835 3682 1004 3777 processit
1031 3699 1066 3753 et
1093 3683 1123 3753 in
1152 3684 1272 3757 dextra
1299 3686 1359 3756 flu-

186 3806 283 3878 minis
301 3807 373 3902 ripa
391 3823 502 3878 castra
521 3807 643 3902 posuit.

260 4024 269 4043 *
290 4019 369 4066 Cuius
387 4026 469 4065 tamen
495 4017 633 4064 auctoritas
662 4017 724 4063 miro
748 4008 859 4076 quodam
875 4018 1012 4089 <Plutarchi
1040 4032 1131 4066 errore
1148 4020 1250 4067 videtur
1267 4023 1358 4069 contir-

186 4108 244 4154 mari
258 4121 263 4153 ι
278 4109 408 4169 Appianus
426 4108 491 4154 enim
509 4106 616 4167 primum
634 4119 690 4152 cum
711 4118 719 4162 ς
740 4106 883 4166 legionibus
910 4108 1039 4154 Caesarem
1066 4123 1142 4155 naves
1165 4112 1266 4156 solvere
1285 4125 1360 4158 cona-

185 4205 237 4243 tum
254 4211 312 4243 esse
331 4204 421 4255 narrat,
437 4195 495 4242 dein
514 4209 526 4241 2
546 4196 659 4256 legiones
676 4195 817 4242 accessisse
836 4202 861 4242 ut
879 4209 936 4242 cum
954 4209 967 4254 7
985 4196 1096 4256 denique
1116 4198 1220 4244 navibus
1238 4200 1359 4258 solverit;

186 4288 337 4333 Plutarchus
354 4287 421 4333 Caes.
444 4298 478 4344 37,
498 4298 575 4345 quem
601 4284 702 4335 eodem.
730 4296 783 4342 quo
806 4284 944 4344 Appianus,
974 4284 1041 4331 ionte
1069 4299 1141 4332 usum
1167 4300 1225 4333 esse
1251 4297 1357 4345 constat,

186 4378 249 4421 male
269 4375 397 4422 brevitatis
414 4375 544 4422 studiosus
562 4374 593 4420 ita
612 4387 664 4419 rem
688 4373 818 4429 contraxit,
839 4382 864 4419 ut
882 4387 939 4419 cum
956 4375 1069 4433 quinque
1095 4377 1198 4422 omnino
1216 4377 1359 4437 legionibus

186 4466 316 4511 Caesarem
334 4463 477 4524 profectum
495 4477 552 4509 esse
571 4469 693 4515 narraret.
723 4480 735 4511 ῃ
