3374 5272
1336 391 1376 470 37

201 571 263 648 bus
282 587 336 649 res
356 573 388 649 in
406 574 522 651 Africa
539 591 648 675 gestae
668 593 755 665 sunt,
779 574 960 650 Antonium
987 574 1114 649 victum
1141 603 1219 650 esse
1248 596 1377 666 narrat;

202 703 329 773 lucan.
354 705 470 775 Phars.
492 706 536 774 lV
561 704 627 799 526
645 705 713 799 sq*

138 807 140 810 Α
521 831 571 900 sol
593 827 722 900 [edaea
740 828 880 899 tenebat

415 952 544 1042 Sidera,
564 953 677 1024 vicino
696 977 773 1024 cum
793 953 847 1023 lux
867 952 1029 1023 altissima
1048 954 1190 1025 Cancro
1208 970 1269 1024 est.

202 1077 279 1147 coll.
302 1075 407 1146 Ouid.
430 1078 520 1148 Fast.
541 1079 571 1146 V
590 1079 656 1172 693
679 1101 755 1172 sqq.
786 1074 840 1169 (ad
871 1101 914 1147 20
944 1077 1042 1171 Mai.)
1069 1094 1104 1148 et
1129 1079 1174 1147 Vl
1203 1098 1268 1177 725
1300 1101 1376 1172 sqq.

203 1196 256 1292 (aa
282 1177 440 1295 arun).

278 1324 378 1420 Apud
415 1327 593 1397 Caesarem
630 1324 738 1395 cladis
773 1324 916 1421 illyricae
952 1325 1203 1397 enarrationem
1239 1326 1378 1398 interci-

202 1451 293 1522 disse
313 1450 344 1520 in
364 1448 546 1521 codicibus
573 1464 702 1520 certum
732 1465 802 1531 est;
831 1473 932 1543 quam
961 1449 1064 1521 luisse
1092 1450 1123 1520 in
1152 1453 1273 1523 lacuna
1300 1467 1380 1546 post

105 1560 108 1565 ⁴
202 1577 279 1647 bell.
301 1574 363 1646 civ.
385 1576 426 1645 lll
446 1575 467 1643 8
486 1573 586 1644 etiam
613 1598 702 1644 nunc
729 1572 1050 1648 statuendumesse
1077 1575 1233 1663 arbitror,
1261 1600 1380 1670 quam-

202 1724 303 1795 quam
323 1723 431 1794 nuper
449 1702 494 1770 G.
507 1697 707 1793 Zippel‚die
727 1707 809 1769 rom.
835 1697 1040 1768 Herrscltast
1060 1698 1090 1768 in
1112 1699 1243 1795 lllyrien
1258 1699 1310 1771 bis
1324 1698 1385 1771 aus

179 1829 381 1920 ¹Augustus.
404 1825 482 1919 bpz.
511 1824 599 1918 1877
620 1846 651 1917 p.
675 1847 738 1916 203
759 1847 834 1918 sqq.
852 1848 921 1893 rem
943 1822 973 1891 in
990 1822 1239 1895 dubitationem
1254 1848 1380 1896 vocare

203 1965 347 2021 conatus
365 1965 427 2020 est.
450 1947 559 2019 Cuius
578 1972 620 2018 ex
640 1947 847 2041 argumentis
866 1946 1008 2042 primum
1029 1973 1049 2018 e
1069 1972 1144 2043 cap.
1166 1974 1188 2041 4
1207 1951 1297 2035 loc0,
1322 1947 1380 2043 qui

202 2089 254 2145 est
285 2072 329 2144 de
362 2073 522 2144 militibus
554 2070 765 2157 Antoniana,
799 2071 953 2166 petitum,
982 2070 1045 2142 iam
1075 2071 1147 2167 ipse
1177 2072 1381 2169 Nipperdey

205 2213 240 2269 et
272 2199 459 2291 protulerat
492 2212 526 2266 et
558 2195 773 2281 refutaverat,
814 2196 953 2266 alterum
987 2194 1066 2266 inde
1099 2179 1252 2290 petitum,
1286 2195 1380 2290 quod

203 2345 292 2392 anno
326 2346 372 2413 49
404 2319 523 2391 clades
557 2319 685 2419 illyrica
717 2319 807 2390 facta
838 2337 901 2405 est,
940 2320 1019 2390 loco
1057 2320 1093 2389 lll
1131 2320 1152 2388 8
1187 2334 1299 2390 autem
1336 2319 1380 2390 de

204 2445 305 2516 rebus
323 2469 352 2515 a.
373 2445 420 2536 48
437 2443 542 2538 gestis
562 2445 684 2515 Caesar
704 2459 824 2523 narrat,
844 2443 965 2538 Zippel
985 2442 1058 2538 ipse
1078 2441 1225 2538 infringit
1245 2468 1275 2538 p.
1300 2462 1380 2541 205,

205 2569 260 2640 ubi
281 2569 353 2664 ipse
374 2570 533 2640 nonnulla
551 2593 580 2638 a.
602 2593 648 2661 46
666 2583 764 2662 gesta
782 2569 962 2639 Caesarem
983 2569 1022 2637 lll
1042 2568 1064 2636 8
1088 2566 1287 2662 repetivisse
1314 2583 1381 2639 sta-

205 2693 277 2781 tuit,
298 2710 332 2764 ut
351 2695 452 2788 paulo
472 2691 569 2764 altius
587 2717 663 2763 eum
685 2675 875 2785 regressum
895 2716 972 2762 esse
993 2717 1059 2762 non
1075 2691 1116 2762 sit
1130 2717 1191 2763 cur
1205 2716 1379 2786 negemus

207 2820 334 2913 Neque
359 2817 461 2913 pluris
488 2818 576 2888 valet
604 2816 737 2887 tertium
766 2831 1012 2910 argumentum,
1040 2842 1060 2887 a
1085 2816 1241 2912 Zippelio
1269 2818 1382 2912 prola-

206 2959 294 3015 tum:
328 2967 402 3014 nam
432 2966 663 3036 nonvsemper
690 2939 838 3012 eundem
866 2965 943 3011 esse
971 2966 1080 3012 rerum
1107 2940 1262 3012 ordinem
1290 2941 1381 3038 apud

206 3069 384 3139 Caesarem
404 3082 438 3138 et
458 3066 586 3138 Livium
607 3082 736 3137 certum
758 3066 793 3135 lit
812 3064 941 3136 illorum
960 3064 1044 3135 inter
1059 3090 1096 3136 se
1111 3065 1379 3160 comparatione.

282 3320 291 3339 *
312 3317 478 3363 Luculentum
498 3317 546 3362 hoc
563 3317 706 3375 exemplum
724 3322 764 3361 est
784 3314 852 3360 mirae
871 3314 934 3360 illius
952 3311 1095 3374 diligentiae,
1115 3327 1166 3372 qua
1178 3328 1249 3374 saepe
1268 3315 1290 3361 in
1304 3316 1382 3363 rebus

208 3405 308 3466 singulis
325 3405 462 3452 afferendis
481 3407 599 3452 Lucanus
618 3405 695 3451 utitur
712 3417 816 3463 quaque
843 3403 935 3449 Liviani
954 3402 1041 3462 operis
1061 3416 1121 3449 usus
1138 3404 1198 3450 satis
1216 3404 1321 3465 diligens
1339 3418 1383 3466 ap-

210 3502 280 3554 paret
294 3507 299 3552 ;
314 3494 400 3540 similia
415 3502 471 3541 sunt
491 3496 509 3538 V
528 3496 574 3552 466
592 3492 729 3554 (Palaeste)‚
752 3494 782 3538 tv
804 3505 847 3552 154
864 3505 912 3551 sq,
934 3493 965 3538 lll
987 3503 1028 3549 143
1056 3491 1158 3552 (Cotta),
1184 3494 1215 3538 Vl
1235 3506 1262 3551 73
1281 3507 1338 3554 sqq.
1358 3508 1380 3542 c.

209 3583 288 3630 schol.
309 3583 384 3628 Bern.
406 3581 504 3628 Eodem
523 3583 634 3642 pertinet
651 3589 769 3628 accurata
787 3582 918 3641 regionum
931 3588 956 3627 et
974 3580 1128 3641 oppidorum
1154 3583 1216 3629 situs
1234 3582 1380 3643 descriptio,

207 3673 275 3718 velut
295 3672 413 3718 Massiliae
432 3673 464 3716 lll
485 3683 525 3732 375
540 3684 607 3730 sqq,
628 3670 778 3730 Dyrrhachii
797 3670 829 3715 Vl
850 3681 877 3725 19
894 3683 950 3728 sqq.
966 3669 1006 3731 (cl.
1022 3670 1262 3732 Heuzey·Daumet,
1278 3672 1382 3719 Mission

207 3760 409 3821 archeologique
427 3774 458 3806 en
478 3757 630 3807 Macedoine
649 3774 674 3819 p.
696 3753 757 3820 350‚'
769 3759 830 3820 373).
849 3758 949 3817 —Quo
968 3759 1045 3820 magis
1061 3760 1122 3806 mira
1139 3768 1195 3807 sunt
1213 3768 1291 3820 poetae
1304 3761 1383 3807 verba

208 3851 229 3896 V
250 3863 310 3908 374:
328 3847 436 3909 (Caesar)
456 3848 626 3895 Brundusium
644 3847 749 3895 decimis
766 3847 836 3894 iubet
855 3849 919 3895 nanc
938 3848 1076 3909 «attingere
1095 3849 1196 3896 castris·
1211 3849 1273 3911 (scil.
1293 3849 1383 3896 milites

208 3940 251 3998 qui
270 3939 407 3986 Placentiae
419 3936 570 3984 seditionem
583 3937 705 3999 fecerant)
720 3950 725 3995 ;
743 3937 791 3983 iter
807 3937 873 3983 enim
886 3944 940 3983 erat
952 3950 966 3982 a
980 3937 1109 3984 Placentia
1126 3936 1286 3985 Brundisium
1301 3952 1382 3998 usque

209 4033 252 4085 093
271 4042 332 4088 mp..
352 4026 422 4087 quod
442 4036 467 4074 ut
484 4024 574 4073 decem
592 4025 685 4072 diebus
711 4026 839 4073 exercitus
865 4026 1002 4086 perliceret
1027 4028 1096 4073 nullo
1114 4025 1192 4073 modo
1210 4028 1262 4073 lieri
1282 4028 1383 4088 potuit;

209 4117 266 4161 olim
285 4116 428 4176 suspicatus
445 4129 499 4161 sum
518 4111 663 4160 mutandum
680 4128 739 4161 esse
752 4122 777 4161 et
790 4117 870 4161 latere
884 4114 1001 4161 undecim
1015 4113 1112 4161 dierum
1126 4128 1257 4162 numerum
1276 4114 1383 4176 (cssrun-

209 4201 299 4250 disium
318 4204 490 4264 undecimisr),
510 4217 585 4263 quem
604 4217 634 4249 cx
653 4202 769 4250 undecim
785 4202 891 4258 dierum,
911 4217 977 4262 quos
1000 4205 1090 4251 Roma·
1110 4205 1240 4250 Caesarem
1259 4203 1383 4252 dictatura

211 4293 321 4339 sunctum
334 4306 391 4339 esse
404 4301 510 4349 constat,
525 4292 716 4352 synchronismo
728 4291 791 4339 salso
804 4299 874 4352 poeta
887 4300 1062 4352 computasset
1074 4318 1104 4326 —
1116 4301 1225 4339 attamen
1239 4292 1309 4338 nimis
1326 4293 1383 4339 arti-

211 4383 297 4429 liciosa
314 4391 353 4428 est
372 4384 426 4429 haec
443 4383 506 4429 ratio
524 4395 609 4441 neque
634 4379 772 4441 quidquam
798 4390 896 4428 mutare
922 4382 1010 4438 ausim,
1039 4382 1118 4428 malim
1144 4395 1261 4428 errorem
1289 4382 1383 4428 Lucani

210 4479 332 4518 statuere.
