3374 5272
1395 428 1434 491 19

261 601 452 697 epistulam,
481 603 526 674 de
554 627 622 698 qua
648 603 780 676 Cicero
807 605 934 694 scribit,
962 620 1099 676 aetatem
1129 631 1195 675 non
1223 605 1337 676 tulisse
1364 605 1438 676 veri

261 726 370 798 simile
389 744 451 799 est.

352 849 636 944 nortamanni,
665 852 708 924 de
737 878 802 948 qua
822 851 953 923 Cicero
981 852 1064 924 dicit
1084 852 1114 923 in
1142 853 1298 947 epistulae
1321 878 1337 922 2
1360 856 1378 945 ξ
1406 880 1432 943 r,

265 1002 331 1047 non
352 977 464 1047 babeo
483 977 661 1070 quomodo
680 978 881 1074 expediam:
910 978 971 1048 sed
1000 980 1067 1048 lioc
1095 978 1173 1048 mihi
1201 977 1334 1049 videtur
1360 1005 1433 1050 mo·
1496 1042 1497 1045 ,

265 1101 410 1172 nendum
430 1125 506 1172 esse
525 1118 647 1173 contra
667 1102 838 1189 Eootium,
858 1103 984 1173 eodem
1005 1103 1187 1190 vocabulo,
1212 1129 1282 1197 quo
1302 1103 1368 1189 hic,
1388 1104 1432 1175 de

204 1296 207 1303 ,
264 1223 385 1296 eadem
412 1251 448 1296 re
475 1225 606 1297 Cicero
638 1228 788 1298 locutum
825 1253 901 1298 esse
929 1226 960 1297 in
988 1252 1042 1322 ep.
1072 1226 1114 1298 ad
1142 1231 1209 1297 nn.
1239 1231 1288 1297 ΙΧ
1328 1229 1430 1316 18,3;

264 1349 356 1446 quod
392 1366 427 1421 et
458 1376 500 1422 ea
531 1376 566 1422 re
598 1352 855 1448 comprobatur,
892 1352 985 1446 quod
1023 1378 1123 1446 quam
1160 1352 1277 1448 paucis
1312 1352 1433 1424 diebus

261 1491 338 1547 ante
358 1473 474 1570 Arpini
507 1500 544 1546 se
570 1491 847 1572 exspectaturum
875 1503 953 1548 esse
980 1476 1112 1548 dixerat
1139 1501 1181 1548 ea
1209 1502 1261 1548 res
1292 1475 1348 1548 liic
1377 1476 1431 1548 vix

260 1615 376 1695 potest
408 1625 475 1670 non
504 1599 666 1694 intellegi,
700 1601 755 1672 ubi
784 1600 828 1672 de
860 1627 907 1687 re,
940 1626 1018 1696 quae
1053 1600 1217 1696 Arpinum
1254 1600 1431 1673 advenerit

260 1723 356 1819 quasi
377 1740 458 1814 nota
480 1723 628 1818 loquitur
654 1725 804 1810 Cicero;
826 1752 891 1797 nec
915 1752 981 1797 non
1006 1725 1127 1797 litterae
1151 1752 1230 1821 quae
1249 1743 1383 1799 exstant
1398 1727 1430 1797 in

260 1847 441 1920 codicibus
468 1848 580 1944 priore
604 1851 685 1921 loco
711 1874 823 1945 prope
850 1850 892 1921 ad
925 1849 1020 1920 vocis
1039 1848 1284 1943 dalmatino
1303 1851 1430 1923 litteras

259 1972 441 2045 accedunt.

298 2109 330 2159 24
349 2097 393 2172 cl.
414 2101 448 2166 Χ
473 2098 525 2191 36,
544 2122 551 2166 r
570 2121 576 2183 ;
597 2096 641 2168 de
661 2097 811 2169 Caesaris
830 2097 947 2169 litteris
967 2097 1046 2170 ibid.
1069 2100 1087 2186 ξ
1112 2124 1140 2168 2.

298 2235 328 2286 25
351 2248 376 2292 u.
397 2223 530 2295 Sternlr.
551 2221 627 2294 adn.
651 2247 733 2314 ¹403
754 2222 845 2294 adde
860 2226 953 2295 Caes.
972 2221 1048 2295 bell.
1066 2224 1128 2294 civ.
1146 2227 1157 2295 l
1182 2250 1269 2319 Μ
1289 2223 1429 2296 «diebus

259 2347 421 2441 aliquot».
453 2346 597 2418 Rectius
616 2347 808 2442 Sternkops
823 2373 876 2419 res
895 2373 914 2418 a
934 2351 980 2447 Q.
1003 2348 1180 2419 Cicerone
1206 2348 1274 2419 lilio
1303 2351 1428 2420 Romae

257 2470 348 2566 apud
367 2471 514 2543 Hirtium
530 2489 564 2543 et
579 2474 755 2544 Caesarem
770 2491 885 2568 gestas
903 2470 981 2544 ante
997 2499 1017 2569 7
1033 2475 1112 2568 Apr.
1130 2472 1310 2568 posuisset,
1325 2499 1426 2568 quem

258 2597 331 2692 ipse
350 2597 528 2668 terminum
547 2597 609 2669 sibi
630 2572 826 2669 muniverat.

293 2717 326 2771 2⁶
345 2721 497 2814 cl.X4,
511 2748 541 2817 7.

293 2858 325 2907 27
344 2846 387 2917 cl.
409 2849 444 2916 X
465 2872 530 2943 47
549 2865 584 2918 et
602 2847 633 2917 8.
663 2848 794 2918 Absunt
814 2848 949 2919 Puteoli
969 2873 989 2919 a
1011 2847 1132 2918 Cumis
1159 2849 1181 2916 (t
1209 2873 1275 2942 mp.
1305 2846 1426 2918 itinere

256 2971 310 3065 (cl.
339 2972 426 3042 Tab.
458 2973 555 3043 Peut.
585 2971 639 3042 ed.
671 2971 871 3066 Desjardins
899 2998 930 3068 p.
962 2969 1054 3059 221),
1083 2972 1127 3043 ita
1147 2989 1181 3043 ut
1200 2998 1268 3044 uno
1287 2970 1343 3043 die
1363 2974 1422 3044 lias

255 3121 375 3167 omnes
394 3121 448 3167 res
467 3113 625 3192 peractas
644 3121 720 3167 esse
741 3123 807 3168 non
827 3096 869 3168 sit
888 3122 948 3169 cur
967 3096 1135 3167 miremur.

291 3218 325 3270 28
344 3221 387 3292 cl.
410 3224 445 3291 X
469 3246 524 3326 5,3
549 3238 632 3291 extr.

293 3345 387 3417 ²9cl.
408 3345 528 3431 ΧὸΒ,
551 3370 568 3415 2
589 3361 672 3416 extr.

293 3482 325 3536 3⁰
343 3469 386 3540 cl.
408 3469 541 3539 Sternlr.
562 3468 639 3540 adn.
668 3494 741 3565 ¹47·

293 3607 321 3659 31
342 3593 614 3688 Caesarquando
629 3593 671 3665 ad
690 3594 875 3665 Massiliam
891 3594 1077 3679 advenerit,
1092 3593 1223 3665 duabus
1238 3593 1423 3666 rationibus

254 3735 367 3815 potest
395 3717 555 3812 indagari.
588 3717 736 3788 Primum
759 3717 848 3788 enim
868 3717 1012 3814 epistula
1039 3718 1078 3787 ro
1096 3720 1175 3812 Apr.
1201 3742 1244 3788 ex
1265 3716 1384 3788 itinere
1403 3743 1423 3790 a

253 3845 395 3915 Caesare
414 3841 494 3913 data
515 3866 532 3911 2
553 3840 689 3912 demum
713 3841 794 3912 Mai.
817 3841 983 3912 Ciceroni
1005 3842 1105 3912 allata
1119 3856 1189 3928 est;
1211 3840 1301 3912 unde
1315 3865 1422 3937 appa-

253 3985 314 4055 ret,
334 3967 435 4053 illum,
455 3958 532 4038 cum
549 3968 637 4038 hanc
652 3966 829 4062 epistulam
844 3965 1027 4061 scripserit,
1048 3967 1167 4060 procul
1189 3964 1252 4037 iam
1272 3990 1292 4036 a
1309 3968 1422 4038 Roma

253 4091 443 4187 Cumisque
470 4090 594 4162 aluisse
622 4090 660 4181 (su.
690 4092 858 4162 Gblerum
886 4093 904 4160 l.
935 4093 953 4160 l.
975 4114 1006 4184 p.
1031 4090 1095 4171 26).
1124 4092 1237 4185 Atque
1264 4114 1345 4160 vero
1364 4090 1421 4162 illo

252 4216 306 4290 die
334 4243 411 4288 eum
439 4214 529 4311 apud
553 4216 748 4287 lntemelios
775 4232 941 4286 versatum
970 4240 1045 4286 esse
1073 4230 1203 4286 certum
1224 4215 1259 4284 lit
1277 4215 1355 4285 coll.
1377 4214 1419 4286 ad

123 4405 130 4418 ,
252 4341 329 4412 lam.
358 4342 430 4410 Vlll
466 4365 548 4445 ¹5³²
575 4340 629 4411 ubi
658 4339 796 4410 Coelius
822 4339 865 4410 ad
893 4340 1089 4411 Intemelios
1115 4363 1152 4410 se
1181 4338 1315 4410 missum
1343 4364 1420 4411 esse

251 4485 371 4550 narrat,
392 4484 425 4537 et
444 4465 486 4536 ad
507 4467 583 4537 lam.
606 4468 677 4537 Vlll
701 4466 750 4550 rb,
763 4492 795 4559 4,
815 4491 886 4560 quo
900 4466 1077 4537 Caesarem
1094 4491 1130 4536 se
1146 4464 1269 4536 vidisse
1283 4466 1418 4544 scribit:

1285 4611 1311 4653 2st
