3374 5272
1303 446 1345 523 27

173 617 413 706 lelficiendum
433 626 559 730 aliquid
580 649 642 720 est,
663 628 797 704 fortuna
815 624 914 704 velim
936 631 1088 720 meliore,
1108 632 1222 704 animo
1241 632 1347 703 Caeli-

168 783 268 830 ano».
293 762 350 830 De
370 783 437 854 qua
451 785 497 847 re,
518 783 596 854 quae
616 757 688 853 ipse
708 757 865 829 dubitans
879 757 1018 852 protulit
1034 757 1145 828 Orelli
1162 759 1344 828 Onomast.

169 885 258 954 Tull.
296 908 327 978 p.
364 909 439 970 ιιι,
471 881 651 978 significari
684 881 785 954 Caelii
822 881 1130 977 «desperationem,
1163 907 1241 978 quae
1268 905 1346 952 eum

168 1033 258 1080 anno
288 1025 455 1103 sequente
487 1007 633 1102 abripuit
660 1006 702 1078 ad
723 1006 931 1078 turbandam
960 1007 1241 1102 rempublicam»,
1270 1007 1346 1077 haec

169 1158 236 1203 non
256 1148 340 1228 puto
358 1131 518 1227 accipiet,
546 1131 698 1226 quisquis
717 1130 818 1202 Caelii
846 1130 1007 1226 epistulas
1035 1131 1091 1202 illo
1119 1148 1275 1226 tempore
1303 1130 1344 1201 ad

171 1256 378 1328 Ciceronem
415 1256 510 1327 datas
546 1255 728 1351 perlegerit
764 1280 913 1352 quaeque
944 1255 986 1327 ad
1018 1255 1222 1328 seditionem
1255 1255 1345 1326 illum

170 1381 416 1452 commoverint
434 1381 729 1452 consentientibus
747 1379 880 1452 Caesari
901 1396 936 1450 et
956 1379 1062 1452 Dioni
1082 1379 1207 1451 Cassio
1234 1380 1346 1451 credi-

171 1505 268 1577 derit.

243 1632 301 1701 Est
315 1647 427 1702 tamen
443 1632 548 1722 altera
563 1628 806 1724 interpretandi
823 1626 919 1717 ratio,
939 1654 1039 1724 quam
1056 1646 1090 1700 ut
1106 1628 1188 1701 inire
1203 1640 1346 1702 conarer

168 1753 315 1850 benigna
336 1754 473 1826 Nisseni
492 1754 732 1825 cohortatione
753 1754 878 1826 lactum
898 1770 958 1825 est.
980 1753 1110 1825 Caelius
1137 1754 1239 1839 enim,
1267 1771 1301 1825 ut
1327 1779 1347 1826 a

168 1879 319 1950 Caesaris
339 1894 434 1973 parte
453 1894 521 1949 tum
542 1904 620 1949 eum
639 1878 772 1949 stetisse
793 1878 907 1974 negari
928 1904 994 1948 non
1012 1895 1136 1973 potest,
1158 1879 1202 1951 ita
1216 1879 1344 1975 aliqua-

168 2021 265 2075 tenus
297 2019 408 2074 tamen
436 2003 676 2074 consentiente
704 2003 880 2074 Cicerone
907 2003 949 2074 ad
979 2002 1068 2074 illum
1095 2029 1133 2076 se
1160 2004 1345 2076 contulisse

168 2127 317 2214 videtur;
338 2128 433 2223 quod
449 2128 522 2222 ipse
541 2127 708 2222 significat
727 2127 758 2197 in
778 2153 832 2223 ep.
853 2127 906 2199 ad.
929 2127 1004 2198 lam.
1018 2130 1090 2198 Vlll
1117 2154 1167 2224 ιγ,
1186 2153 1218 2199 1:
1245 2129 1342 2201 ldum

169 2252 247 2323 mihi
267 2252 363 2348 pacis
382 2253 539 2324 mandata
558 2252 618 2325 das
637 2252 680 2324 ad
699 2255 911 2324 Caesareml.

245 2376 382 2473 Quibus
409 2378 521 2448 verbis
548 2379 793 2473 comprobatur
819 2377 964 2448 Caelium
997 2394 1138 2448 auctore
1169 2377 1345 2450 Cicerone

166 2524 306 2595 operam
332 2501 469 2573 dedisse
498 2520 530 2573 ut
558 2502 758 2574 concordiae
787 2501 1025 2598 pactionisque
1054 2501 1138 2574 inter
1165 2504 1344 2575 Caesarem

167 2642 202 2696 et
232 2643 384 2698 senatum
415 2651 480 2697 nec
508 2652 574 2698 non
606 2626 810 2721 Pompeium
838 2641 958 2697 auctor
986 2626 1091 2698 lieret.
1119 2630 1193 2698 lam
1221 2627 1247 2698 si
1276 2629 1343 2699 hoc

168 2734 288 2822 lrustra
306 2751 396 2823 illum
416 2768 576 2824 conatum
597 2777 673 2824 esse
693 2767 840 2847 reputes,
862 2751 1047 2847 probabilis
1070 2753 1106 2822 lit
1132 2752 1343 2840 coniectura,

168 2900 290 2945 novum
310 2875 569 2972 felicioremque
589 2893 749 2948 conatum
777 2901 796 2946 a
823 2873 999 2946 Cicerone
1026 2876 1206 2971 significari
1234 2877 1345 2948 dubiis

166 2999 240 3089 illis,
268 3000 452 3096 dequibus
479 3002 598 3097 agitur,
626 3001 748 3088 verbis7
765 3000 876 3072 cuius
903 3000 949 3071 rei
978 3000 1107 3095 optime
1134 3001 1345 3097 respondent

167 3124 286 3197 rationi
313 3150 355 3197 ea
381 3151 459 3221 quae
487 3126 697 3199 antecedunt
728 3125 912 3197 Ciceronis
942 3126 1054 3196 verba.
1088 3126 1243 3197 Tertium
1275 3144 1344 3198 tum

169 3250 263 3344 quod
290 3268 430 3322 vocatur
461 3251 727 3347 comparationis
758 3268 860 3339 esset,
892 3250 986 3346 quod
1015 3249 1214 3346 paciscendi
1241 3274 1345 3323 causa

168 3391 311 3470 uterque
347 3376 599 3471 prosectionem
636 3376 757 3447 lecerit
791 3375 921 3447 Caelius
956 3400 1072 3447 mense
1106 3375 1266 3447 „lanuario
1301 3375 1344 3447 ad

168 3499 357 3589 Caesarem,
382 3525 497 3572 mense
519 3500 617 3572 Maio
635 3499 679 3572 ad
701 3499 904 3595 Pompeium
925 3499 1074 3571 facturus
1100 3516 1173 3570 erat
1200 3499 1341 3572 Cicero,

168 3623 278 3723 Quod
306 3624 385 3696 inde
412 3626 455 3696 ab
483 3625 577 3697 initio
605 3625 789 3697 Ciceronis
816 3623 994 3695 consilium
1023 3624 1125 3695 fuisse
1152 3640 1203 3696 sat
1234 3625 1344 3696 multis

167 3748 384 3844 epistularum
405 3749 490 3822 locis
509 3766 644 3822 constat
675 3748 716 3843 (v.
739 3741 921 3820 Nissenum
950 3747 981 3817 in
1010 3747 1134 3844 Sybelii
1162 3773 1237 3820 ann.
1267 3748 1341 3820 hist.

168 3898 243 3944 nov.
260 3897 323 3944 ser.
339 3875 403 3946 vol.
426 3877 460 3943 X
480 3898 512 3969 p.
533 3874 579 3944 86
598 3873 674 3952 adn.
702 3872 740 3967 il,
762 3897 827 3943 nec
846 3898 913 3943 non
933 3887 1002 3942 tum
1021 3896 1164 3968 quoque
1183 3888 1218 3943 et
1237 3874 1343 3943 multo

168 3997 270 4069 etiam
303 4015 424 4094 postea
455 3998 573 4069 mirum
607 4013 769 4093 quantum
796 3995 910 4067 animo
936 3994 1009 4066 eius
1038 3995 1222 4067 inhaesisse
1249 4020 1345 4067 com-

168 4107 331 4218 probatur
349 4123 435 4194 locis
454 4122 558 4218 ipsius
575 4121 619 4195 ad
637 4125 705 4192 Att.
739 4124 788 4192 Xl
823 4144 925 4216 ¹92¹?
954 4122 1005 4190 lX
1039 4145 1141 4216 10‚3;
1177 4145 1279 4208 11,2;
1309 4124 1345 4191 X

175 4271 252 4340 r,4;
279 4272 307 4340 3,
326 4273 334 4316 1
352 4271 359 4334 3
382 4272 390 4317 1
406 4267 433 4347 ς,
450 4273 462 4342 3
478 4246 521 4318 cs.
534 4265 570 4318 et
586 4247 757 4317 Plutarch.
771 4244 849 4316 Cic.
870 4244 930 4339 38:
951 4232 1342 4331 Koirotsmizdur'ddv,

168 4358 248 4467 e'drbr
266 4364 392 4445 πολλὰ
404 4368 684 4470 κατεμέμφετο
703 4368 896 4467 Houtmst'tp
914 4362 1217 4468 προσθέμενον·
1241 4366 1344 4468 αὐτῷ

167 4489 340 4592 μὲνγὰρ
360 4494 446 4591 οὐχὶ
470 4495 531 4567 xri
529 4546 632 4567 .....
640 4505 646 4528 ‘
668 4496 828 4567 ἐκεῖνον
855 4483 894 4567 dl
921 4486 1221 4592 χρησιμώιεροιι
1245 4489 1343 4567 ὄντα
