3374 5272
1299 430 1421 516 .55

245 620 373 694 litteris
400 645 477 693 sese
505 618 711 715 cognovisse
739 617 869 714 praedia
896 643 963 689 non
989 616 1124 689 venisse
1152 615 1283 688 Cicero
1301 616 1429 687 scribat

253 772 318 818 nec
338 772 405 817 non
424 744 596 817 scribendi
617 742 790 816 materiam
810 741 872 815 sibi
892 742 1016 815 deesse
1035 757 1206 838 queratur.
1236 744 1319 838 Qua
1336 740 1427 812 simi-

254 871 394 943 litudine
430 887 557 942 tantum
594 895 661 941 non
697 885 828 940 certum
861 868 906 955 fir,
944 893 1011 938 uno
1042 866 1240 962 eodemque
1272 882 1428 962 tempore

255 1012 432 1092 utramque
451 995 630 1091 epistulam
650 1020 670 1066 a
688 992 866 1065 Cicerone
890 992 1002 1063 datam
1030 1017 1107 1063 esse
1136 991 1275 1063 Isidoro.
1308 991 1428 1095 Proxi-

255 1140 325 1194 mas
335 1119 447 1192 autem
462 1136 542 1192 ante
557 1120 637 1191 istas
651 1119 695 1190 ad
709 1118 857 1190 Atticum
874 1117 1001 1188 litteras
1017 1142 1078 1212 per
1096 1116 1261 1188 Pollicem
1279 1119 1426 1188 Romam

255 1244 390 1316 miserat
408 1244 451 1316 cs.
472 1243 515 1314 ad
534 1246 602 1315 nu.
622 1246 672 1314 ΧΙ
692 1268 758 1335 4‚2
778 1260 863 1315 extr.
884 1241 940 1338 qui
961 1267 1038 1313 cum
1055 1239 1152 1312 nimis
1175 1239 1239 1311 iam
1263 1239 1320 1312 diu
1339 1243 1428 1336 Dyr-

255 1368 396 1441 rhachio
405 1369 537 1440 aluerat
547 1367 745 1440 Terentiam
766 1367 919 1439 hortatur
935 1365 979 1438 ad
997 1365 1072 1436 fam.
1090 1366 1174 1435 XlV
1187 1364 1210 1435 ὁ
1225 1381 1259 1435 ut
1273 1389 1429 1436 commo-

257 1509 384 1565 rantem
403 1519 505 1589 quam
527 1492 670 1588 primum
690 1490 859 1565 extrudat.

327 1618 465 1718 Quodsi
481 1615 527 1690 ld.
550 1615 669 1716 Quint.
691 1615 771 1688 data
789 1633 841 1688 est
859 1641 914 1712 ep.
935 1613 980 1687 ad
999 1618 1065 1685 nu.
1087 1615 1136 1684 Xl
1152 1639 1184 1706 4,
1204 1640 1272 1709 qua
1291 1612 1425 1685 Cicero

253 1742 442 1839 respondet
469 1740 595 1829 Attico,
623 1741 667 1813 de
695 1742 796 1813 clade
826 1740 1066 1838 Dyrrhachina
1084 1740 1262 1837 quaerenti,
1283 1766 1427 1814 necesse

131 1956 133 1961 .
252 1882 304 1936 est
322 1881 448 1937 tantum
470 1865 632 1961 temporis
650 1866 794 1962 spatium
824 1866 1014 1938 intercedat
1042 1865 1128 1936 inter
1155 1864 1201 1936 ld.
1223 1863 1344 1963 Quint.
1366 1891 1428 1961 pu·
1508 1934 1512 1942 ,

251 2017 424 2086 gnamque
453 1990 553 2079 ittam,
572 2006 735 2085 quantum
762 1990 909 2062 efficitur
942 2019 952 2095 5
976 1988 1114 2061 circiter
1140 1989 1272 2074 diebus,
1304 1989 1428 2086 quibus

253 2140 366 2186 rumor
392 2115 437 2187 de
464 2113 564 2186 clade
593 2117 740 2186 Romam
769 2114 960 2210 pervasisse
979 2114 1149 2210 putandus
1167 2131 1219 2186 est
1237 2130 1271 2186 et
1291 2116 1312 2183 8
1332 2114 1427 2185 mini-

253 2266 343 2311 mum
363 2239 495 2320 diebus,
527 2238 651 2336 quibus
668 2239 771 2312 Attici
791 2239 939 2313 certiora'
964 2238 1170 2312 sciscitantis
1196 2239 1316 2311 litterae
1338 2243 1427 2337 Dyr-

129 2385 131 2391 ’
253 2364 427 2438 rhachium
456 2365 598 2461 perlatae
625 2382 711 2449 sunt,
734 2364 854 2460 inqua
884 2390 920 2437 re
939 2365 1124 2436 notandum
1144 2382 1196 2438 est
1214 2364 1427 2460 aliquatenus

252 2488 453 2585 impeditum
473 2505 568 2561 certe
584 2488 641 2560 illo
657 2506 814 2586 tempore
829 2489 933 2562 fuisse
948 2489 1168 2585 epistularum
1184 2507 1424 2563 commeatum.

341 2613 502 2711 Sequitur
519 2631 668 2686 exeunte
689 2641 806 2686 mense
836 2614 938 2686 lunio
970 2640 1117 2711 pugnam
1153 2615 1424 2710 Dyrrhachinam

253 2738 468 2811 commissam
495 2762 573 2810 esse
600 2738 695 2835 quod
723 2716 813 2811 idem
846 2756 980 2836 tempus
1011 2738 1271 2835 computatione
1303 2765 1424 2827 rerum,

253 2887 333 2956 quae
343 2862 429 2935 inter
443 2863 531 2935 illam
547 2879 586 2935 et
597 2888 743 2960 pugnam
762 2863 992 2936 Pharsalicam
1004 2882 1113 2960 gestae
1128 2880 1215 2951 sunt,
1226 2864 1423 2938 invenimus.

289 2983 385 3058 ⁸⁰cl.
414 2989 507 3059 CJL.
538 2991 549 3058 l
577 3012 609 3084 p.
644 2990 729 3082 306;
759 3013 844 3085 324;
878 2991 953 3085 328.
985 2991 1126 3084 Ephem.
1148 2988 1253 3085 epigr.
1275 2992 1319 3060 lV
1339 3016 1370 3086 p.
1398 3016 1423 3061 r.

252 3135 278 3180 u.
299 3110 516 3183 Judeichium
536 3136 569 3207 p.
596 3138 629 3217 5¹
655 3139 705 3209 sq.
