3374 5272
259 430 300 510 50

328 607 474 679 Accedit
492 608 589 680 tertia
608 608 694 680 ratio
712 635 780 705 qua
798 634 876 681 cum
896 612 998 682 rebus
1018 611 1076 682 illo
1094 635 1185 681 anno
1202 609 1308 705 gestis
1327 607 1422 703 'quasi

253 734 407 803 cohaeret
425 731 587 827 epistula:
607 731 716 828 agitur
734 732 779 804 de
797 733 909 805 verbis
931 736 1127 807 Dolabellae
1143 738 1161 821 ξ
1182 757 1218 804 2:
1244 732 1362 804 ruelim
1375 789 1381 802 .
1395 788 1422 801 ..

253 855 279 926 si
300 856 387 927 sorte
410 855 595 952 Pompeius
616 856 666 927 his
684 882 825 953 quoque
845 858 930 930 locis
951 861 1065 954 pulsus
1089 884 1200 930 rursus
1218 856 1300 930 alias
1314 856 1425 951 regio-

254 1005 314 1051 nes
333 997 452 1075 petere
471 998 624 1077 cogatur,
638 998 670 1052 ut
681 997 714 1052 tu
735 998 767 1053 te
787 980 837 1052 uel
854 982 997 1053 Allienus
1015 982 1065 1053 uel
1082 981 1112 1052 in
1131 979 1277 1077 quumvis
1286 979 1424 1077 quietum

254 1104 400 1200 recipias
418 1102 608 1181 ciuitatem».
638 1109 788 1202 Apparet
819 1107 1036 1178 Dolabellam
1066 1132 1143 1178 cum
1160 1108 1236 1178 haec
1251 1105 1424 1200 scripserit

254 1255 320 1300 non
333 1229 438 1301 modo
454 1229 615 1301 nihildum
635 1229 680 1301 de
700 1230 905 1302 Athenarum
921 1230 1104 1303 obsidione
1123 1229 1346 1326 comperisse,
1363 1229 1425 1301 sed

253 1353 352 1426 etiam
374 1354 524 1449 ignarum
545 1353 658 1430 luisse.
679 1357 752 1426 lore
764 1372 798 1426 ut
808 1382 852 1435 eo
872 1355 948 1428 belli
966 1381 1042 1452 pars
1057 1355 1309 1428 transferretur:
1331 1354 1426 1451 quod

254 1479 379 1550 lactum
400 1496 452 1551 est
470 1477 649 1550 dimissoa
677 1481 820 1551 Caesare
848 1482 895 1578 Q.
926 1482 953 1550 F
958 1481 1025 1550 ulio
1052 1481 1188 1551 Caleno
1216 1481 1340 1574 legat0,
1369 1479 1426 1574 qui

255 1619 435 1698 postquam
471 1604 642 1698 Delphos,
675 1604 828 1689 Thebas,
866 1605 1128 1676 Orchomenum
1161 1602 1243 1675 alias
1273 1601 1425 1675 civitates

254 1726 385 1822 recepit
413 1727 509 1799 haesit
536 1745 614 1799 ante
634 1730 783 1800 Athenas
801 1747 835 1801 et
857 1732 1011 1825 Megara,
1032 1728 1062 1799 in
1083 1728 1206 1824 quibus
1223 1753 1428 1823 oppugnan-

253 1851 305 1923 dis
335 1877 380 1923 eo
408 1869 563 1948 tempore
588 1878 658 1947 quo
684 1853 776 1950 apud
807 1855 1003 1925 Pharsalum
1033 1870 1216 1949 pugnatum
1235 1869 1298 1939 est,
1318 1878 1428 1925 occu-

253 1994 352 2074 patus
365 1994 438 2048 erat
452 1976 508 2071 (cl.
525 1980 619 2050 Caes.
642 1981 681 2050 lll
706 1999 763 2078 53,
786 1981 958 2050 Plutarch.
979 1981 1074 2050 Caes.
1096 2001 1160 2072 43;
1184 1976 1288 2048 Dion.
1309 2002 1428 2071 42,14

253 2126 279 2171 u.
301 2103 360 2171 W.
381 2100 609 2186 ludeichium,
640 2107 659 2193 ς’
685 2128 721 2196 33
746 2128 776 2198 p.
804 2104 869 2198 ror)
888 2101 989 2199 sqq).
1013 2106 1086 2174 lam
1106 2101 1185 2197 quia
1207 2103 1425 2175 Dolabellam

210 2207 213 2214 ’
254 2243 287 2297 ut
306 2226 502 2299 familiarem
522 2227 672 2299 Caesaris
683 2228 902 2300 consiliorum
922 2228 995 2300 eius
1015 2228 1104 2300 haud
1123 2244 1300 2323 expertem
1322 2226 1427 2298 luisse

253 2350 332 2422 satis
359 2368 412 2422 est
438 2350 507 2422 veri
536 2351 655 2430 simile,
682 2351 856 2449 aliquanto
883 2370 961 2449 post
988 2350 1219 2446 conscriptam
1246 2349 1426 2446 epistulam

253 2475 296 2546 ad
326 2476 402 2547 lam.
427 2478 474 2546 ΙΧ
494 2502 516 2569 r)
534 2478 704 2549 Calenum
719 2504 739 2550 a
756 2479 901 2550 Caesare
920 2476 1092 2549 dimissum
1112 2501 1189 2548 esse
1205 2473 1426 2561 coniecerim,

254 2599 383 2696 quippe
407 2600 503 2671 cuius
526 2600 572 2672 rei
597 2603 720 2674 nullum
740 2602 912 2674 etiamtum
932 2601 963 2672 in
984 2601 1038 2672 illa
1056 2616 1219 2697 appareat
1237 2598 1424 2695 vestigium.

291 2722 325 2786 78
343 2725 387 2796 cl.
417 2724 459 2796 ad
487 2728 553 2797 Att.
584 2729 633 2797 Xl
666 2753 677 2822 3
715 2753 726 2821 3
758 2744 842 2798 extr.
874 2726 1049 2813 Pecuniae,
1077 2751 1179 2822 quam
1207 2750 1251 2795 eo
1271 2743 1427 2819 tempore

254 2849 419 2923 laboranti
451 2851 620 2947 Pompeio
649 2870 794 2924 mutuam
823 2851 968 2939 dederit,
996 2866 1140 2947 peracto
1172 2851 1264 2921 bello
1295 2848 1427 2921 Cicero

254 2975 461 3047 mentionem
491 2975 584 3048 inicit
610 3003 665 3073 ep.
694 2977 737 3049 ad
765 2981 832 3049 Att.
861 2980 1033 3072 Xl13,4,
1063 2975 1152 3047 unde
1171 2973 1427 3070 cognoscimus,

254 3100 361 3195 ipsum
382 3100 563 3195 pecuniam
583 3102 670 3174 illam
690 3119 725 3174 et
743 3101 786 3174 ab
806 3100 907 3174 Attici
927 3101 1053 3190 villicO,
1074 3099 1130 3197 qui
1150 3117 1222 3172 erat
1239 3078 1282 3170 in
1311 3098 1426 3195 Epiro,

253 3225 438 3320 sumpsisse
466 3224 520 3319 (cl.
542 3229 590 3297 Xl
612 3226 688 3320 2,4l
713 3244 747 3298 et
770 3228 906 3299 aliunde
934 3244 1117 3298 mutuatum
1138 3251 1227 3314 esse,
1259 3223 1426 3323 Quintum

253 3367 365 3420 autem
395 3374 455 3445 per
482 3350 609 3423 litteras
636 3369 792 3446 questum
813 3377 902 3440 esse,
931 3351 1025 3448 quod
1046 3377 1112 3421 non
1133 3349 1194 3422 sibi
1216 3349 1330 3444 potius
1348 3350 1429 3421 sub-

254 3492 412 3545 venisset.

291 3602 465 3702 79Pugna
492 3625 559 3695 qua
586 3599 659 3670 linis
688 3599 865 3696 impositus
892 3617 944 3671 est
970 3599 1141 3671 obsidioni
1164 3598 1425 3695 Dyrrhachinae,

255 3721 394 3817 quando
430 3724 613 3796 commissa
649 3724 701 3814 sit,
738 3725 870 3797 duabus
901 3724 1086 3796 rationibus
1118 3740 1233 3819 potest
1264 3722 1427 3818 indagari,

255 3872 395 3942 quarum
425 3866 602 3943 utramque
631 3850 801 3945 proleram
831 3866 863 3920 ut
882 3848 1018 3921 alterius
1037 3873 1209 3920 consensu
1228 3847 1323 3942 quasi
1343 3872 1429 3919 con·

255 3971 405 4042 firmetur
422 3972 536 4043 altera.

327 4099 440 4189 Atque
460 4096 601 4191 primum
622 4097 761 4192 quidem
781 4123 800 4169 a
830 4115 986 4192 tempore
1014 4122 1084 4192 quo
1106 4095 1197 4190 apud
1227 4096 1427 4166 Pharsalum

254 4396 306 4433 tum
324 4402 391 4437 esse,
410 4401 483 4448 quam
499 4388 649 4435 sententiam
668 4395 738 4435 recte
758 4388 845 4435 reiecit
864 4389 993 4434 Drumarm
1013 4388 1045 4434 Vl
1064 4401 1088 4447 p.
1109 4398 1153 4445 234
1170 4388 1250 4446 a.18;
1268 4390 1299 4434 ct.
1319 4394 1344 4434 et
1364 4386 1429 4433 Hol-

255 4490 335 4524 mann.
353 4476 385 4524 ad
403 4491 445 4537 ep.
464 4479 479 4524 l.
