3374 5272
1395 353 1415 426 7

243 531 431 621 commodi,
451 532 546 629 quod
566 557 675 605 rerum
687 532 787 604 armis
799 532 856 604 illo
874 532 1072 628 temporein
1085 532 1229 605 Graeeia
1239 549 1416 629 gestarum

243 656 328 729 ratio
347 656 597 752 chronologica
615 655 732 727 mirum
752 673 915 752 quantum
935 655 973 727 iis
987 656 1218 742 confirmatur,
1239 681 1322 752 quas
1338 655 1418 752 quia

244 784 468 877 neglexerunt
487 783 599 853 Goler
616 798 652 853 et
667 781 1000 853 Kraner-Hosmann
1016 780 1114 854 valde
1129 804 1261 853 errasse
1276 780 1416 878 putandi

244 921 330 977 sunt.
359 909 472 1001 Atque
499 930 581 977 vero
600 904 656 976 hic
676 930 742 975 non
763 903 834 975 fieri
854 920 980 1000 potest,
1008 904 1089 1000 quin
1109 929 1220 976 rerum
1238 904 1339 976 armis
1356 929 1417 1000 ge-

245 1045 370 1101 starum
385 1029 481 1114 ratio,
502 1031 637 1124 qualem
652 1052 755 1123 supra
769 1027 1020 1123 descripsimus,
1037 1028 1204 1100 artissime
1218 1052 1295 1099 cum
1311 1028 1417 1100 Cice·

246 1152 336 1224 ronis
354 1152 507 1249 epistulis
526 1152 761 1247 coniungatur.

320 1279 445 1349 Totam
457 1277 683 1374 quaestionem
696 1276 741 1349 ita
751 1276 887 1365 institui,
905 1292 939 1348 ut
949 1276 1127 1372 proposita
1141 1277 1255 1347 tabula
1269 1277 1419 1348 chrono-

245 1401 359 1498 logica
377 1401 416 1473 iis
435 1427 514 1499 quae
532 1418 694 1474 secuntur
711 1400 990 1473 adnotationibus
1009 1399 1169 1486 rationes
1189 1424 1273 1496 quas
1293 1399 1324 1469 in
1351 1399 1419 1470 sin·

244 1525 332 1622 gulis
346 1526 558 1621 temporibus
572 1524 777 1598 definiendis
795 1545 933 1596 secutus
951 1549 1035 1610 sum,
1064 1525 1294 1619 comprobare
1314 1548 1419 1596 cona-

246 1676 309 1722 rer.
330 1653 482 1747 lpsorum
502 1668 679 1743 auctorum
696 1652 794 1722 locos
808 1649 913 1735 attuli,
933 1649 959 1721 si
976 1648 1032 1745 qui
1049 1649 1094 1720 ita
1107 1665 1204 1720 erant
1218 1648 1418 1744 comparati,

247 1791 281 1846 ut
297 1775 407 1847 statim
425 1774 504 1847 inde
522 1776 727 1871 singularum
747 1799 857 1846 rerum
872 1791 1030 1869 tempora
1043 1773 1279 1855 efficerentur;
1300 1789 1420 1845 contra

246 1899 272 1971 si
301 1925 380 1995 quae
407 1899 645 1973 ratiocinando
668 1900 712 1972 ab
730 1898 802 1971 aliis
821 1897 980 1993 indagata
997 1914 1084 1983 sunt,
1104 1897 1146 1969 ad
1166 1922 1283 1969 eorum
1304 1896 1420 1992 dispu-

247 2025 394 2124 tationes
414 2027 567 2121 legentes
586 2026 699 2121 putavi
718 2024 934 2096 revocandos
953 2047 1040 2095 esse.
