3374 5272
1384 452 1420 533 35

253 659 331 728 quae
351 633 503 730 sequitur
521 632 666 729 epistula
685 675 728 684 —-
750 633 1063 707 duodevicesimam
1091 634 1172 706 dico
1187 677 1243 718 -‚
1264 660 1342 731 quae
1357 651 1429 705 tan-

253 759 324 829 tulo
345 774 421 854 post
441 757 617 830 intervallo
635 759 762 854 scripta
784 785 860 831 esse
889 759 1038 854 putanda
1064 759 1116 845 sit,
1144 758 1275 830 Cicero
1300 759 1428 846 scribit,

253 881 411 954 mirilicas
429 909 466 955 se
485 883 597 954 adhuc
617 883 873 978 tranquillitates
893 883 1051 956 tenuisse.

292 1005 384 1076 net
407 1009 441 1075 X
469 1008 544 1091 rili
570 1022 605 1077 et
626 1031 655 1078 2.

293 1141 322 1194 53
343 1133 519 1228 Quantum
553 1131 716 1227 temporis
747 1135 869 1204 Caesar
900 1131 941 1203 ad
977 1130 1162 1203 Massiliam
1199 1145 1430 1201 commoratus

253 1255 305 1343 sit,
325 1281 367 1326 ex
387 1254 489 1355 ipsius
510 1255 701 1327 narratione
719 1273 835 1352 potest
854 1256 1034 1332 concludi:
1064 1281 1165 1326 naves
1187 1254 1276 1326 enim
1304 1257 1428 1349 longae,

254 1405 337 1475 quas
369 1381 504 1451 Arelate
532 1379 708 1452 faciendas
739 1381 877 1463 curavit,
911 1396 1092 1477 postquam
1121 1381 1242 1451 frustra
1268 1380 1312 1451 de
1341 1403 1427 1474 pace

253 1528 329 1576 cum
353 1503 624 1575 Massiliensibus
642 1504 722 1601 egit,
755 1531 798 1600 30
817 1504 949 1587 diebus,
969 1530 989 1576 a
1007 1529 1075 1599 qua
1094 1503 1150 1575 die
1171 1501 1310 1573 materia
1336 1526 1429 1574 caesa

253 1644 313 1716 est,
335 1629 470 1700 ellectae
489 1647 698 1726 armataeque
717 1649 811 1712 sunt;
832 1630 882 1701 his
904 1629 1090 1700 Massiliam
1110 1604 1267 1700 adductis
1285 1628 1329 1698 ab
1345 1628 1427 1699 urbe

255 1753 429 1849 profectus
448 1772 499 1824 est
518 1754 562 1824 cs.
585 1757 594 1824 l
619 1755 671 1848 36,
689 1755 824 1859 5.Vides
843 1755 1141 1850 pauloplusquam
1155 1779 1255 1824 unum
1276 1778 1426 1824 mensem

254 1904 330 1949 eum
352 1877 396 1949 ibi
416 1894 583 1949 versatum
604 1904 691 1967 esse,
712 1896 746 1950 ut
765 1879 821 1975 qui
841 1904 871 1950 c.
900 1877 1062 1973 19April.
1083 1876 1269 1963 advenerit,
1291 1877 1427 1948 ineunte

255 2028 371 2074 mense
390 2002 491 2073 lunio
515 2003 691 2099 proiectus
718 2029 794 2076 esse
817 2004 986 2099 putandus
1005 2003 1056 2074 sit.

292 2138 323 2192 54
342 2126 385 2197 cl.
406 2126 450 2198 ad
479 2128 556 2198 sam.
586 2130 751 2225 x1v7‚2
773 2145 806 2200 et
830 2152 867 2224 33
886 2128 930 2200 ad
959 2129 1044 2199 lam·
1066 2131 1138 2198 Vlll
1165 2154 1215 2224 17,
1244 2153 1268 2197 ι.
1300 2125 1424 2197 Nesci-

257 2278 327 2324 mus
346 2251 427 2348 quid
448 2253 564 2323 ultimo
585 2271 741 2349 tempore
760 2253 891 2325 Cicero
912 2253 942 2322 in
962 2253 1055 2324 ltalia
1073 2252 1192 2349 egerit,
1213 2277 1277 2323 nec
1293 2267 1428 2324 constat

256 2403 330 2448 num
352 2376 416 2448 iam
435 2375 480 2447 de
499 2379 642 2450 Caesare
669 2404 689 2449 a
726 2378 880 2450 Massilia
907 2378 1065 2474 prolecto
1093 2377 1225 2449 nuntius
1252 2376 1283 2448 ei
1310 2377 1429 2448 allatus

254 2502 364 2585 luerit,
384 2527 460 2573 cum
481 2526 523 2572 ex
544 2502 635 2574 ltalia
653 2503 829 2599 profectus
848 2520 909 2574 est.

327 2626 486 2721 Sequitur
506 2628 640 2723 longum
661 2628 846 2701 Ciceronis
864 2627 1044 2716 silentium,
1072 2652 1143 2722 quo
1162 2642 1319 2722 tempore
1347 2624 1428 2719 quid

253 2751 308 2822 ille
335 2750 445 2846 egerit
471 2777 512 2822 ex
542 2751 608 2824 vita
639 2751 712 2825 eius
742 2779 762 2824 a
794 2755 981 2825 Plutarcho
1012 2751 1210 2846 conscripta
1240 2749 1429 2847 paucisque

252 2874 392 2947 aliorum
413 2894 590 2948 auctorum
611 2877 707 2966 locis,
736 2894 804 2949 tum
825 2877 862 2949 iis
881 2877 984 2973 ipsius
1012 2876 1097 2947 locis
1123 2892 1277 2971 apparet,
1306 2875 1429 2970 quibus

254 3015 376 3095 postea
407 3025 516 3071 rerum
550 3002 579 3071 in
614 3002 756 3074 Graecia
781 3021 951 3098 gestarum
981 3001 1188 3072 mentionem
1218 2999 1351 3085 iniecit;
1384 3000 1428 3070 cl.

256 3127 491 3197 Drumannum
512 3129 556 3197 Vl
577 3152 608 3223 p.
632 3152 700 3215 230
719 3154 782 3223 sq..
799 3128 855 3223 qui
875 3143 987 3198 tamen
1004 3126 1112 3197 minus
1133 3142 1227 3196 recte
1243 3123 1321 3195 mihi
1337 3122 1431 3195 vide-

254 3266 305 3320 tur
323 3249 491 3337 statuisse,
511 3251 722 3322 Ciceronem
744 3279 809 3322 non
829 3252 1015 3324 adhibitum
1036 3276 1113 3322 esse
1132 3250 1174 3321 ad
1196 3248 1429 3345 Pompeiano-

254 3399 323 3444 rum
344 3392 496 3446 senatum
517 3374 573 3470 qui
594 3377 853 3447 Thessalonicae
873 3377 1080 3462 habebatur;
1101 3377 1169 3446 lroc
1188 3374 1311 3468 quibus
1330 3398 1428 3468 argu-

254 3499 374 3570 mentis
393 3502 678 3595 comprobaturus
693 3501 791 3573 fuerit
811 3501 971 3597 equidem
992 3527 1059 3571 non
1079 3499 1158 3571 satis
1182 3497 1295 3586 video
1315 3523 1431 3593 neque

252 3625 365 3697 locum
385 3624 428 3696 ad
447 3628 514 3695 Att.
537 3629 584 3696 Χ]
604 3653 637 3718 q,
658 3653 682 3714 ι,
712 3653 781 3722 quo
800 3627 944 3698 affirmat
962 3651 999 3698 se
1027 3650 1149 3710 <somne
1178 3650 1297 3697 munus
1324 3622 1366 3695 ad
1395 3621 1427 3693 id

255 3765 389 3844 tempus
417 3749 563 3842 l'ugisse»
599 3751 643 3822 ita
678 3751 918 3846 interpretatus
948 3751 1029 3836 sim;
1062 3751 1088 3822 is
1119 3749 1209 3821 enim
1241 3774 1285 3820 eo
1319 3747 1431 3844 potius

252 3889 413 3967 spectare
440 3873 584 3959 videtur,
613 3876 707 3972 quod
732 3902 845 3972 neque
864 3875 1035 3947 exercitus
1055 3874 1139 3971 parti
1161 3898 1273 3970 neque
1292 3872 1428 3969 provin-

251 3997 316 4070 ciae
335 4024 354 4071 a
375 3999 596 4095 Pompeianis
616 4001 801 4095 praelectus
820 4017 881 4073 est.
911 4003 1024 4096 Atque
1043 4024 1125 4070 vero
1143 3999 1199 4068 vix
1218 3998 1288 4069 lieri
1318 3997 1428 4093 potuit

252 4140 286 4195 ut
305 4124 436 4196 Cicero
455 4124 503 4193 vir
521 4125 709 4197 consularis
726 4151 746 4197 a
764 4143 882 4197 senatu
903 4125 959 4196 illo
983 4125 1231 4221 prohiberetur.

292 4262 319 4313 55
341 4250 385 4320 cl'.
407 4251 500 4321 Caes.
523 4253 547 4320 ll
572 4271 653 4351 32,5
678 4277 754 4324 cum
775 4251 852 4323 adn.
873 4252 929 4322 62.

291 4370 322 4439 56
345 4377 523 4449 Habemus
542 4378 750 4473 singulorum
770 4376 900 4448 dierum
921 4376 1043 4447 limites
1063 4377 1156 4447 Caes.
1178 4377 1188 4444 l
1209 4400 1266 4466 41,
1281 4399 1319 4462 23
1336 4399 1379 4468 42
1400 4399 1429 4461 13

252 4526 351 4593 424.

1295 4646 1318 4693 3.
