3374 5272
251 377 297 449 44

252 559 371 656 paucis
389 584 560 653 exponam
580 555 624 630 de
644 583 679 629 re
699 554 781 628 mire
800 554 913 629 adhuc
936 556 1095 653 neglecta
1117 557 1161 629 ab
1190 557 1227 631 iis
1247 557 1304 655 qui
1325 557 1426 632 Cassi

254 684 379 755 Dionis
398 684 548 756 sontibus
566 708 707 778 operam
727 681 906 754 dederunt.

326 811 444 904 ltaque
464 824 497 878 ut
524 833 544 879 a
571 806 728 879 Caeliana
754 806 925 878 seditione
953 807 1080 879 initium
1110 808 1242 896 faciam,
1272 808 1428 882 Grohsio

254 933 328 1028 (der
343 936 445 1006 Wert
456 935 519 1006 des
529 932 882 1005 Geschichtswerkes
902 931 964 1003 des
975 933 1018 1002 C.
1033 934 1078 1002 D.
1092 934 1140 1004 als
1152 935 1281 1032 Quelle
1301 933 1352 1004 sur
1370 933 1428 1006 die

253 1059 472 1130 Geschichte
490 1057 553 1130 der
570 1059 674 1129 Jahre
693 1080 837 1149 49-44
857 1083 885 1126 u.
900 1058 984 1128 Chr.
1008 1055 1100 1127 Diss.
1123 1057 1203 1152 Lips
1229 1058 1429 1155 1884.)qui·

253 1182 331 1253 dem
361 1208 469 1254 rerum
506 1182 711 1277 singularum
745 1179 891 1251 narratio
922 1204 1000 1251 cum
1034 1179 1195 1269 Livianae
1228 1181 1429 1254 narrationis

254 1307 450 1403 fragmentis
465 1307 509 1378 ita
523 1305 656 1377 videtur
670 1304 878 1390 consentire,
900 1321 934 1375 ut
950 1303 1032 1375 Livii
1048 1329 1142 1376 usum
1158 1304 1190 1374 in
1206 1305 1270 1377 hac
1285 1330 1429 1401 quoque
1475 1358 1478 1363 -

254 1458 290 1504 re
311 1432 417 1504 Dioni
439 1458 505 1503 non
526 1429 709 1524 abrogant,
730 1446 877 1500 attamen
906 1428 1001 1524 quod
1021 1428 1087 1500 alio
1116 1454 1253 1523 prorsus
1273 1431 1353 1502 loco
1372 1430 1429 1502 ille

255 1581 324 1628 rem
345 1555 482 1626 inseruit
501 1571 606 1649 atque
628 1553 750 1639 Livius,
776 1552 843 1623 hoc
862 1551 945 1624 atius
964 1551 1139 1624 cuiusdam
1160 1552 1262 1625 sontis
1281 1554 1430 1627 auctori-

254 1696 323 1752 tate
343 1680 468 1752 facturn
488 1704 565 1750 esse
584 1676 775 1772 suspicatur
803 1702 916 1773 neque
943 1702 1026 1748 vero
1053 1676 1264 1749 diversorum
1285 1678 1430 1750 fontium

256 1807 342 1876 male
361 1803 673 1898 conglutinatorum
693 1800 835 1895 vestigia
853 1801 945 1897 apud
973 1801 1123 1872 Dionem
1156 1801 1280 1874 deesse
1307 1821 1430 1875 censet

256 1954 287 2023 ρ.
309 1955 354 2024 97
374 1954 438 2024 sq.,
458 1929 549 1999 velut
568 1926 601 1997 id
621 1924 727 2021 quod.
752 1927 859 1997 «nach
880 1925 1149 2019 Constatierung
1168 1926 1229 1998 der
1256 1931 1431 2000 Amtsent·

255 2069 395 2146 setzung
413 2052 475 2123 des
494 2050 626 2122 Caelius
645 2064 687 2123 tc.
711 2062 767 2143 23)
788 2049 819 2118 in
839 2048 906 2120 den
931 2048 1097 2145 Kapiteln
1119 2074 1164 2142 24
1184 2051 1250 2122 und
1273 2073 1311 2150 ²5
1345 2051 1431 2123 wie-

256 2177 392 2248 derholt
419 2175 475 2247 die
505 2173 874 2269 Beamtenqualitat...
904 2173 966 2245 des
993 2173 1124 2245 Caelius
1152 2176 1273 2245 betont
1305 2174 1427 2246 wird.»

257 2300 365 2399 Quod
385 2316 618 2394 argumentum
639 2297 759 2368 nullius
778 2323 855 2369 esse
871 2323 937 2367 non
959 2297 1107 2392 negabit,
1128 2297 1153 2367 si
1174 2298 1249 2392 quis
1269 2296 1431 2394 respiciat

259 2423 383 2495 Dionis
402 2423 517 2507 verba,
542 2422 665 2518 quibus
689 2422 885 2517 «republica
906 2420 1133 2517 prohibitum»
1161 2447 1238 2493 esse
1266 2422 1428 2512 Caelium,

258 2573 324 2618 non
348 2546 597 2642 «magistratum
626 2545 657 2617 ei
686 2547 887 2640 abrogatum
915 2570 1012 2617 essen
1039 2545 1110 2617 Dio
1138 2545 1298 2640 exponit;
1327 2546 1430 2617 abro-

256 2671 349 2766 gatio
368 2670 508 2742 omnino
526 2670 636 2741 aliena
654 2686 760 2741 erata
779 2669 849 2741 iure
870 2695 983 2766 neque
1004 2669 1190 2765 quidquam
1211 2686 1274 2750 est,
1295 2696 1365 2764 quo
1380 2669 1429 2742 rei

258 2812 323 2866 tam
344 2794 486 2865 insuetae
506 2793 561 2864 hic
581 2819 675 2864 usum
696 2792 822 2865 sactum
842 2819 919 2865 esse
938 2794 1194 2888 comprobetur.

333 2920 412 2989 Nec
433 2917 593 3012 profecto
612 2916 695 2988 alius
714 2917 913 3013 cuiusquam
935 2934 1060 3013 praeter
1079 2916 1209 2987 Livium
1230 2916 1333 2988 sontis
1352 2943 1430 2989 usus

262 3042 412 3113 Dionem
428 3041 626 3125 commovit,
640 3058 673 3112 ut
687 3041 754 3113 alio
765 3058 869 3136 atque
885 3042 939 3113 itte
951 3044 1032 3113 loco
1048 3067 1117 3113 rem
1134 3041 1309 3131 insereret,
1327 3041 1431 3112 immo

260 3169 323 3239 hac
335 3192 476 3263 quoque
492 3167 522 3236 in
540 3192 575 3238 re
586 3166 734 3261 scriptor
750 3166 782 3237 id
799 3166 924 3238 secisse
938 3166 1081 3251 videtur,
1097 3167 1191 3261 quod
1207 3169 1275 3239 late
1291 3182 1384 3262 patet
1399 3166 1430 3236 in

259 3292 349 3363 libris
381 3292 453 3363 eius
484 3315 558 3362 nec·
577 3307 688 3362 tamen
716 3290 830 3362 adhuc
857 3293 1074 3364 observatum
1102 3308 1172 3375 est3
1206 3291 1349 3363 consilio
1376 3290 1432 3362 ille

259 3436 361 3514 atque
381 3415 542 3487 industria
562 3414 699 3486 mutavit
718 3439 827 3486 rerum
856 3415 1023 3500 ordinem,
1052 3441 1154 3511 quern
1182 3416 1273 3511 apud
1302 3414 1431 3485 Livium

259 3569 330 3639 quo
358 3543 514 3613 utebatur
542 3539 676 3625 invenit,
705 3539 801 3611 cuius
829 3540 875 3612 rei
909 3541 999 3613 varia
1025 3557 1142 3613 extant
1162 3541 1311 3636 vestigia,
1340 3541 1434 3611 velut

260 3667 449 3739 Caelianum
478 3664 703 3736 narrationem
731 3664 853 3760 ineptis
881 3665 991 3736 verbis
1019 3691 1096 3736 eum
1125 3665 1305 3738 inseruisse
1331 3689 1434 3759 supra

260 3792 458 3875 docuimus3
478 3791 618 3861 alterum
638 3788 827 3892 vestigium,
859 3790 954 3885 quod
973 3789 1114 3885 quidem
1133 3789 1176 3861 ad
1196 3814 1250 3861 res
1276 3807 1434 3885 ternpore

262 3914 359 3986 nobis
377 3912 557 4010 proposito
575 3929 689 4008 gestas
708 3912 886 4007 pertineat,
912 3938 1021 3984 rerum
1041 3913 1246 4010 lllyricarum
1266 3913 1434 3985 enarratio

261 4057 313 4112 est
331 4063 387 4132 42,
408 4065 414 4108 ι
433 4064 458 4125 1,
477 4063 556 4131 quae
575 4061 652 4108 cum
673 4036 789 4108 mirum
810 4054 972 4133 quantum
991 4062 1011 4108 a
1029 4037 1160 4109 ratione
1187 4037 1435 4132 chronologica

262 4166 441 4249 laboraret,
462 4179 557 4234 recte
590 4181 623 4233 ut
651 4162 728 4232 mihi
756 4162 894 4259 quidem
921 4161 1054 4233 videtur
1072 4186 1092 4233 a
1112 4161 1296 4233 Judeienio
1315 4162 1436 4234 Caesar

263 4289 306 4360 im
327 4288 453 4360 Orient
471 4313 503 4383 p.
526 4311 571 4356 zo
589 4311 639 4381 sq.
660 4285 823 4382 expedita
841 4303 903 4373 est,
931 4285 985 4358 cui
1007 4311 1071 4358 una
1089 4302 1217 4358 tantum
1246 4285 1276 4355 in
1305 4311 1340 4357 re
1367 4310 1433 4356 non

262 4411 481 4484 assenserim:
499 4435 601 4482 causa
615 4409 703 4481 enim
720 4435 870 4480 errorum
888 4410 1013 4481 Dionis
1030 4427 1064 4481 et
1079 4408 1341 4505 perturbationis
1356 4407 1434 4479 mihi
