3374 5272
298 378 320 448 d

298 580 511 677 potissimum
531 606 568 652 re
594 580 728 653 videtur
754 581 880 654 sactum
908 607 984 654 esse
1013 598 1047 652 ut
1074 582 1161 654 iusto
1189 580 1294 676 magis
1322 580 1387 652 illae
1417 603 1471 651 res

297 705 412 778 adhuc
441 707 611 801 neglectae
637 709 712 777 slnt.
744 709 870 801 Neque
898 723 1009 778 tamen
1030 706 1129 778 nobis
1160 705 1258 777 deest
1277 706 1353 777 lons
1373 705 1473 775 uber-

299 830 411 917 rimus,
433 830 523 902 unde
543 848 667 926 praeter
686 855 796 901 rerum
816 831 1002 926 scriptores
1021 830 1047 900 si
1067 855 1134 901 non
1153 829 1263 901 omnis
1282 828 1368 899 illius
1386 843 1472 898 tem-

298 955 402 1050 poris,
422 971 455 1026 at
470 979 604 1046 magnae
619 971 731 1025 tamen
747 954 850 1049 partis
865 954 945 1025 satis
963 971 1157 1025 accuratam
1179 952 1369 1024 hauriamus
1386 950 1473 1022 noti·

299 1079 390 1165 tiam,
418 1078 602 1150 Ciceronis
629 1079 791 1174 epistulas
818 1078 910 1165 dicu,
940 1103 1080 1174 quarum
1113 1102 1152 1171 32
1182 1102 1259 1148 cum
1288 1074 1413 1147 cadant
1441 1073 1471 1143 in

299 1203 457 1298 exiguum
479 1205 580 1299 paulo
600 1205 674 1298 plus
693 1203 836 1274 duorum
857 1202 1021 1274 mensium
1037 1201 1192 1297 spatium,
1213 1201 1314 1272 facile
1328 1214 1473 1294 apparet

300 1331 425 1423 largam
447 1328 544 1398 nobis
564 1328 709 1424 praeberi
731 1327 915 1411 materiam,
937 1345 970 1398 ut
986 1326 1174 1398 iudicemus
1189 1325 1233 1397 de
1248 1327 1348 1396 rebus
1365 1348 1472 1418 usque

300 1452 343 1524 ad
363 1452 546 1524 Ciceronis
565 1451 751 1523 discessum
781 1452 865 1522 intra
892 1451 1016 1523 ltaliam
1043 1451 1159 1545 gestis,
1188 1475 1267 1546 quae
1295 1466 1328 1520 ut
1356 1464 1471 1519 notatu

299 1593 376 1648 sunt
403 1576 611 1671 dignissimae
639 1577 685 1646 ita
711 1578 763 1646 vel
797 1576 941 1647 maxime
969 1592 1026 1646 aut
1062 1575 1227 1647 brevitate
1254 1595 1311 1646 aut
1337 1573 1472 1645 silentio

300 1718 456 1773 tractatae
470 1718 546 1771 sunt
565 1726 583 1772 a
603 1726 711 1771 rerum
732 1701 954 1796 scriptoribus
968 1701 1125 1796 antiquis.
1159 1701 1223 1771 llis
1237 1717 1350 1772 autem
1366 1698 1472 1769 Cice-

300 1826 392 1931 ronis
411 1825 564 1920 epistulis
583 1850 660 1896 cum
681 1851 789 1920 nuper
807 1850 946 1921 operam
976 1825 1110 1897 dederit
1138 1825 1331 1898 Guilelmus
1358 1827 1473 1895 Stern-

302 1950 396 2045 hopl,
419 1950 642 2047 Quaestiones
661 1951 921 2045 chronologicae
940 1951 984 2021 de
1004 1952 1104 2022 rebus
1123 1975 1143 2022 a
1161 1950 1337 2022 Cicerone
1357 1948 1436 2020 inde
1454 1973 1472 2018 a

301 2072 423 2144 tradita
450 2072 574 2143 Cilicia
608 2073 782 2167 provincia
815 2098 922 2168 usque
953 2074 996 2145 ad
1028 2073 1179 2145 relictam
1212 2072 1337 2145 ltaliam
1369 2072 1473 2167 gestis

302 2197 417 2292 deque
436 2197 588 2292 epistulis
609 2198 692 2268 intra
709 2198 787 2268 illud
804 2214 938 2294 tempus
954 2206 992 2293 (a.
1011 2224 1082 2295 704
1096 2215 1129 2270 et
1146 2197 1227 2302 705)
1243 2197 1330 2269 datis
1346 2221 1473 2292 accep-

302 2322 395 2393 tisve.
429 2322 605 2415 ldarburgi
641 2323 729 2414 1884
757 2347 787 2416 p.
810 2326 851 2427 (³5
875 2348 950 2418 sqq.
973 2323 998 2394 is
1017 2322 1060 2394 ad
1080 2339 1236 2418 tempora
1255 2320 1393 2416 quidem
1414 2345 1473 2421 sua

301 2450 482 2543 plerasque
501 2446 663 2541 epistulas
682 2463 776 2518 recte
796 2448 981 2529 revocavit,
1011 2465 1044 2518 ut
1064 2472 1175 2542 pauca
1194 2447 1223 2516 in
1245 2448 1309 2517 hac
1333 2444 1476 2539 quidem,

302 2597 338 2643 re
361 2571 521 2644 addenda
549 2571 735 2657 habuerim,
763 2572 824 2644 sed
854 2599 920 2644 non
944 2599 988 2644 eo
1016 2598 1123 2668 usque
1151 2571 1328 2644 consilium
1358 2594 1474 2665 perse-

303 2712 401 2768 cutus
417 2713 479 2784 est,
502 2713 535 2766 ut
550 2695 730 2790 diligenter
746 2697 985 2793 interpretatus
1003 2697 1153 2791 singulos
1173 2696 1356 2768 Ciceronis
1376 2697 1473 2765 locos

304 2846 368 2892 nec
389 2847 454 2891 non
475 2820 683 2892 coniciendo
703 2824 843 2893 alterum
863 2849 939 2893 cum
956 2825 1064 2894 altero
1079 2821 1301 2915 coniungens,
1321 2845 1388 2915 qua
1402 2821 1475 2890 sola

304 2945 436 3016 ratione
447 2961 524 3040 post
536 2944 728 3040 indagatam
744 2947 909 3018 rationem
925 2947 1208 3041 chronologicam
1224 2970 1302 3017 vera
1316 2944 1474 3031 eflicitur,

304 3088 339 3141 ut
358 3069 403 3141 ita
421 3068 544 3154 dicam,
566 3070 728 3142 historica
747 3071 914 3157 materies,
937 3097 1055 3143 munus
1073 3071 1271 3167 expleverit.

381 3198 464 3266 Hoc
484 3194 583 3288 igitur
602 3220 740 3266 munere
760 3196 875 3291 quoad
895 3195 967 3267 eius
987 3195 1057 3266 lieri
1078 3206 1191 3290 p'otest
1211 3213 1246 3266 ut
1264 3212 1343 3291 post
1361 3197 1476 3266 Stern-

305 3323 456 3416 hoplium
486 3319 644 3414 fungerer
671 3320 786 3416 itaque
815 3320 996 3391 narrationi
1026 3319 1199 3392 historicae
1219 3318 1474 3390 l'undamentum

305 3446 400 3542 quasi
420 3447 663 3530 substruerem‚
684 3446 763 3516 huic
783 3445 900 3517 libello
920 3445 1134 3541 propositum
1154 3462 1214 3516 est.

377 3568 498 3640 ndieci
519 3594 627 3640 rerum
644 3586 721 3664 post
736 3569 921 3641 Ciceronis
936 3569 1123 3641 discessum
1139 3595 1229 3640 anno
1244 3595 1290 3664 49
1304 3586 1474 3664 gestarum

305 3694 455 3766 rationes
469 3693 734 3789 chronologicas
751 3694 898 3766 breviter
908 3697 1188 3791 comprehensas,
1202 3721 1268 3766 non
1280 3719 1350 3788 quo
1369 3696 1476 3789 ephe-

306 3816 470 3889 meridum
483 3817 712 3888 Tullianarum
725 3844 787 3913 pro
799 3818 855 3891 illo
867 3837 1024 3915 tempore
1036 3821 1196 3891 haberem
1209 3818 1394 3906 materiam,
1414 3817 1475 3889 sed

307 3968 349 4014 ne
368 3942 457 4014 desit
475 3942 538 4027 via,
554 3967 622 4038 qua
635 3941 678 4013 ad
693 3945 832 4014 alteram
848 3942 975 4015 illarum
995 3959 1126 4039 partem
1148 3943 1245 4013 nobis
1266 3942 1475 4039 propositam

306 4083 526 4152 transeamus,
554 4067 716 4162 epistulas
744 4066 825 4138 dico
852 4093 942 4138 anno
971 4069 1017 4160 48
1046 4093 1153 4161 usque
1177 4066 1219 4138 ad
1240 4093 1261 4162 9
1280 4071 1372 4139 Sext.
1394 4093 1477 4139 con-

306 4190 460 4287 scriptas.

381 4317 474 4413 Quae
495 4332 529 4386 ut
547 4340 669 4411 paucae
688 4333 763 4387 sunt
783 4341 896 4411 neque
916 4333 962 4388 tta
981 4316 1066 4388 inter
1084 4342 1121 4388 se
1141 4318 1330 4405 cohaerent,
1359 4336 1393 4389 ut
1412 4320 1477 4390 hac

307 4439 380 4535 ipsa
399 4465 434 4510 re
453 4442 505 4511 vel
525 4441 670 4512 maxime
689 4443 795 4512 altera
812 4443 918 4514 altera
945 4442 1135 4530 illustretur,
1164 4458 1276 4513 tamen
1297 4441 1331 4513 id
1351 4445 1478 4515 habent
