3374 5272
338 415 383 463 20

337 594 429 664 nullo
456 592 545 664 enim
572 593 639 664 alio
667 595 747 665 loco
771 595 839 671 hoc
863 609 976 688 potest
1003 591 1129 664 lactum
1153 594 1268 688 esse.*·
1287 591 1425 691 Quodsi
1453 591 1510 662 illo

338 716 401 789 iam
429 715 486 788 die
513 715 605 813 apud
632 717 825 789 lntemelios
843 719 966 789 Caesar
984 715 1179 804 advenerat,
1200 744 1267 788 non
1287 733 1339 788 est
1357 715 1509 801 dubium,

336 840 417 937 quin
437 839 536 912 tertio
555 857 612 912 aut
629 857 751 935 quarto
770 840 826 913 die
846 857 924 936 post
942 839 985 912 ad
1008 840 1193 912 Massiliam
1214 840 1399 912 advenerit.
1431 841 1511 911 Nec

339 963 511 1035 mirabitur
539 963 600 1036 iter
627 988 657 1035 c.
688 967 758 1060 746
786 989 866 1060 mp.,
894 981 1056 1059 quantum
1084 981 1157 1036 erat
1186 968 1300 1036 Roma
1321 963 1507 1036 Massiliam

338 1112 447 1184 usque
474 1088 529 1174 les.
559 1089 647 1160 Tab.
679 1091 775 1160 Peut.
804 1088 859 1162 ed.
884 1087 1134 1185 Desjardins'p.
1163 1113 1245 1183 ιο();
1273 1091 1346 1161 rib.
1377 1091 1411 1160 lt.
1433 1091 1508 1159 Ant.

340 1236 371 1307 p.
403 1213 490 1290 28&
521 1237 591 1305 294
617 1212 706 1307 sqq.)
734 1214 863 1284 tantulo
889 1230 1046 1308 tempore
1072 1238 1149 1284 eum
1170 1212 1370 1308 perfecisse,
1389 1211 1416 1282 si
1436 1211 1510 1308 quis
1572 1284 1576 1292 ,

339 1361 470 1408 memor
487 1335 550 1408 erit
577 1336 765 1409 Caesarinae
784 1335 978 1427 celeritatis,
999 1335 1044 1408 de
1063 1361 1131 1432 qua
1149 1337 1192 1408 cs.
1213 1336 1256 1409 ad
1276 1338 1431 1408 Anxur
1459 1361 1507 1407 ro.

337 1463 429 1532 Suet.
451 1462 544 1533 Caes.
572 1484 631 1563 573
661 1461 877 1558 maximeque
900 1462 1118 1533 Plutarchum
1138 1464 1232 1534 Caes.
1261 1485 1310 1557 ¹7·

378 1593 408 1647 32
428 1583 471 1654 cl.
492 1583 534 1656 ad
554 1585 619 1655 An.
641 1587 674 1654 Χ
701 1589 795 1676 rb,3.

376 1718 406 1772 33
428 1707 543 1789 Minus
562 1726 657 1780 recte
676 1707 720 1780 de
739 1733 818 1805 epp.
839 1709 882 1782 ad
901 1714 967 1780 nu.
988 1711 1117 1780 Xbet
1137 1735 1168 1804 7,
1187 1707 1231 1780 ad
1251 1709 1327 1780 lam.
1348 1709 1508 1804 lVretz

338 1831 529 1927 Sternhops
543 1832 620 1903 adn.
650 1834 723 1924 148,
747 1853 821 1931 150,
845 1858 906 1930 ¹52
926 1833 1097 1928 exposuit,
1116 1832 1161 1904 de
1179 1832 1302 1928 quibus
1320 1831 1511 1905 accuratius

338 1973 485 2028 statuere
501 1956 600 2039 licet,
618 1932 906 2051 proficiscendum
926 1975 977 2029 est
996 1983 1016 2029 a
1034 1959 1114 2029 loco
1133 1982 1187 2052 ep.
1208 1956 1251 2029 ad
1271 1957 1347 2028 sam.
1369 1958 1413 2026 Ν
1434 1981 1465 2034 2,
1483 1982 1509 2043 r,

342 2080 397 2152 ubi
412 2080 544 2152 Cicero
559 2097 668 2152 narrat
687 2107 725 2152 se
743 2081 786 2151 23
801 2082 880 2176 Apr.
897 2105 959 2176 per
976 2081 1193 2153 Philotimum
1209 2080 1390 2176 accepisse
1404 2080 1508 2153 Servii
1599 2159 1601 2164 ,

340 2204 486 2290 litteras;
514 2205 567 2275 vix
596 2222 710 2302 potest
732 2204 876 2277 dubitari
904 2205 984 2300 quin
1013 2205 1063 2276 his
1082 2205 1199 2277 litteris
1225 2203 1360 2277 Servius
1386 2229 1511 2300 repon-

339 2329 427 2401 derit
450 2329 492 2401 ad
513 2329 696 2401 Ciceronis
715 2330 893 2425 epistulam
914 2355 1001 2416 eam,
1021 2355 1122 2426 quam
1143 2355 1205 2425 per
1223 2328 1371 2401 eundem
1394 2328 1510 2400 Philo-

337 2455 452 2526 timum
481 2455 599 2526 Servio
626 2480 703 2526 sese
731 2454 878 2526 mississe
905 2455 1037 2526 Cicero
1064 2470 1175 2526 narrat
1201 2453 1244 2526 ad
1272 2456 1338 2525 Att.
1369 2456 1405 2525 X
1431 2480 1464 2550 7,
1478 2478 1507 2524 2.

339 2582 432 2678 Quae
451 2578 476 2649 si
496 2595 591 2650 recte
610 2596 721 2650 statuo
741 2605 808 2650 non
828 2560 959 2676 postza
972 2582 1052 2675 Apr.
1076 2577 1278 2650 Philotimus
1296 2602 1316 2649 a
1333 2578 1510 2650 Cicerone

337 2728 415 2775 cum
436 2703 553 2774 litteris
571 2702 614 2774 ad
635 2703 784 2775 Servium
806 2703 981 2799 profectus
1000 2727 1077 2774 esse
1100 2703 1270 2799 putandus
1284 2718 1353 2775 est:
1374 2701 1509 2774 Servius

337 2827 427 2899 enim
453 2830 577 2899 Romae
600 2845 668 2898 tum
692 2829 888 2900 versabatur
904 2827 970 2920 ¹(cs.
991 2827 1034 2899 ad
1055 2827 1131 2899 sam.
1154 2830 1197 2897 Ν
1224 2826 1250 2922 ι)
1269 2844 1411 2923 eratque
1431 2825 1509 2897 inde

337 2953 467 3023 Cumas
494 2976 602 3047 usque
630 2951 685 3045 (cf.
716 2950 802 3023 Tab.
835 2951 990 3046 Peuting.
1024 2951 1078 3022 ed.
1115 2949 1317 3045 Desjardins
1349 2976 1381 3047 p.
1418 2950 1506 3033 2163

341 3101 409 3170 aro
428 3075 518 3171 sqq.)
538 3101 567 3146 e.
596 3101 659 3168 ¹40
687 3101 753 3172 mp.
772 3076 843 3161 iter,
864 3074 959 3171 quod
980 3093 1013 3147 ut
1032 3075 1083 3147 bis
1102 3076 1286 3170 perficeret
1304 3074 1421 3147 addita
1438 3073 1511 3146 eius

337 3200 510 3296 temporis,
531 3199 625 3295 quod
644 3204 768 3272 Romae
783 3202 989 3289 versabatur,
1007 3226 1099 3271 mora
1115 3199 1308 3272 tabellarius
1324 3225 1391 3270 non
1402 3198 1511 3270 minus

337 3349 399 3396 sex
413 3323 487 3396 dies
506 3323 759 3420 consumpsisse
779 3323 948 3419 putandus
966 3341 1027 3395 est.

415 3450 592 3520 Habemus
612 3448 675 3520 iam
694 3449 872 3520 terminum
901 3465 979 3520 ante
1006 3474 1108 3544 quem
1137 3472 1280 3520 necesse
1308 3466 1359 3520 est
1385 3447 1512 3544 scripta

319 3632 321 3638 .
339 3573 381 3644 sit
399 3597 454 3668 ep.
475 3571 517 3644 ad
537 3576 602 3644 nn.
624 3576 658 3643 X
679 3575 711 3660 6,
732 3573 862 3669 quippe
883 3573 913 3644 in
934 3598 1002 3668 qua
1020 3572 1065 3644 de
1092 3572 1211 3645 Servio
1239 3572 1389 3645 nondum
1418 3596 1512 3642 men-

338 3696 464 3768 tionem
494 3696 606 3768 iniciat
633 3697 782 3783 Cicer0;
811 3697 938 3794 scripta
964 3715 1075 3769 autem
1095 3714 1146 3768 est
1165 3714 1242 3793 post
1268 3698 1308 3767 16
1326 3698 1418 3792 Apa,
1439 3719 1508 3789 quo

340 3821 396 3893 die
415 3846 469 3917 ep.
491 3821 533 3893 ad
553 3824 618 3893 mr.
639 3824 675 3891 X
698 3841 709 3917 ς
734 3821 789 3893 ille
808 3821 913 3894 dedit.
1369 3895 1372 3901 ,

413 3943 552 4016 Deinde
574 3969 627 4015 22.
648 3949 727 4041 Apr.
748 3963 804 4018 aut
823 3945 848 4018 si
868 3946 1059 4018 accuratius
1078 3971 1148 4017 rem
1169 3943 1312 4015 definias
1336 3968 1402 4015 non
1433 3959 1510 4037 post

339 4094 380 4139 22
401 4072 492 4164 Apn,
512 4069 666 4164 acceptis
685 4071 837 4143 Trebatii
857 4071 974 4142 litteris
992 4070 1116 4165 quibus
1134 4069 1179 4140 de
1198 4067 1304 4142 Servii
1332 4070 1506 4140 voluntate

338 4192 463 4264 certior
495 4191 604 4264 sactus
631 4213 692 4281 est,
725 4195 856 4267 Cicero
884 4194 979 4266 dedit
1007 4195 1186 4291 epistulam
1214 4194 1258 4266 ad
1286 4193 1363 4265 sam.
1398 4193 1441 4262 Ν
1477 4214 1511 4275 13

414 4482 422 4500 *
443 4477 522 4523 Cuius
540 4477 576 4523 rei
595 4476 703 4537 benigue
723 4476 815 4523 Nissen
834 4490 873 4523 me
891 4477 995 4524 monuit.
