3374 5272
258 356 337 482 28.

256 623 299 716 τῇ
316 606 468 714 πατριδι
488 621 556 690 καὶ
582 623 661 706 τοῖς
686 614 813 716 priore
840 615 883 690 αι’
900 611 1040 712 μένων
1065 621 1151 707 ἴσος
1169 615 1257 690 ἐκεῖ
1276 607 1373 714 πρὸς
1389 607 1432 690 τὸ

256 740 480 833 ἀποβαῖνον
505 738 703 840 ἡρμόζετο,
736 741 819 816 και)
846 732 992 816 οὐδένα
1019 736 1244 838 λογισμὸν.
1266 801 1272 814 .
1295 800 1301 813 .
1322 739 1433 815 πολέ-

254 893 355 960 μιον
372 864 580 962 γεγονέναι
600 874 785 965 Καισαρι.

331 995 453 1064 Restat
470 991 568 1064 tertia
587 991 682 1077 rati0‚
702 1015 815 1087 quam,
835 991 860 1062 si
880 990 1019 1086 quidem
1040 991 1071 1062 in
1092 1017 1127 1064 re
1147 1008 1212 1063 tam
1229 990 1333 1063 dubia
1347 1007 1433 1063 tam-

255 1141 323 1211 que
354 1115 483 1187 dislicili
517 1114 675 1186 iudicium
708 1114 796 1186 ferre
828 1114 919 1200 licet,
953 1114 1032 1185 mihi
1063 1113 1323 1187 verisimillimam
1354 1138 1432 1186 esse

254 1241 373 1314 fateor.
396 1243 493 1312 Loco
512 1239 601 1312 enim
621 1238 806 1311 Ciceronis
824 1230 878 1333 e'p.
909 1238 951 1310 ad
978 1242 1045 1310 Att.
1075 1242 1110 1309 X
1146 1233 1227 1333 ¹5i2
1256 1239 1294 1311 iis
1321 1239 1432 1311 verbis

254 1391 333 1460 quae
352 1365 496 1437 Caeliani
516 1363 798 1459 significationem
823 1381 983 1435 secuntur
1014 1363 1145 1436 videtur
1172 1364 1260 1435 innui
1289 1363 1432 1436 militare

255 1489 429 1586 quoddam
453 1489 637 1560 Ciceronis
664 1487 854 1574 consilium,
883 1513 953 1583 quo
980 1488 1100 1583 copias
1125 1512 1255 1583 cogere
1283 1513 1432 1583 cumque

255 1613 292 1684 iis
311 1629 375 1684 'aut
403 1614 512 1708 palam
540 1628 597 1684 aut
623 1614 720 1684 clam
738 1612 781 1683 ad
815 1612 1018 1707 Pompeium
1052 1612 1223 1702 proticisci
1255 1613 1287 1682 in
1318 1612 1432 1684 animo

255 1737 419 1809 habuerit.
446 1736 583 1836 Quodsi
611 1738 677 1807 tale
701 1735 782 1832 quid
810 1737 874 1807 sub
900 1738 1059 1808 Caelrano
1087 1736 1144 1808 illo
1171 1739 1277 1808 latere
1303 1761 1345 1808 ex
1374 1735 1432 1806 illo

255 1861 335 1932 loco
345 1859 544 1948 concludas,
561 1862 675 1931 locum
691 1859 781 1930 illum
796 1861 949 1941 alterum,
965 1886 1035 1955 quo
1050 1859 1094 1931 de
1113 1860 1268 1932 «fortuna
1279 1859 1432 1947 meliore,

253 1985 367 2057 animo
386 1985 565 2058 Caeliano»
588 1984 719 2055 Cicero
739 1967 887 2080 loquitur
906 1983 951 2056 ita
969 1984 1200 2080 interpreteris
1220 2009 1365 2056 necesse
1379 2001 1432 2056 est

255 2127 289 2180 ut
320 2109 519 2182 «Caeliano»
542 2108 701 2180 adiectivi
730 2107 794 2178 vim
827 2133 894 2179 non
926 2132 1003 2180 esse
1035 2109 1261 2204 possessivam
1293 2125 1431 2196 statuas,

219 2260 222 2268 ·
254 2235 357 2306 immo
377 2234 564 2306 «fortunam
584 2249 618 2305 et
636 2233 781 2304 animum
802 2257 822 2304 a
840 2233 954 2304 Caelio
973 2233 1217 2328 significatum»
1242 2234 1431 2329 intellegas

255 2358 350 2455 quod
370 2384 389 2431 a
408 2359 538 2430 ratione
557 2356 778 2451 grammatica
798 2383 864 2427 non
883 2356 1014 2428 videtur
1033 2359 1230 2444 abhorrere,
1242 2356 1431 2452 praesertim

254 2509 331 2555 cum
352 2483 526 2578 respicias,
546 2507 615 2552 rem
637 2480 735 2552 nobis
753 2506 830 2552 esse
849 2505 926 2552 cum
945 2481 1098 2576 epistulis
1113 2481 1249 2552 laxioris
1263 2481 1327 2553 stili
1344 2481 1432 2553 notis

255 2607 371 2679 mirum
392 2624 553 2702 quantum
574 2606 721 2701 repletis.
745 2607 859 2677 Locus
877 2622 988 2677 autem
1010 2606 1124 2695 Caelii,
1144 2631 1215 2702 quo
1234 2609 1311 2679 haec
1329 2606 1432 2702 signi·

255 2733 409 2817 licentur,
438 2729 607 2827 putandus
626 2747 678 2801 est
696 2730 753 2825 qui
774 2730 940 2802 invenitur
959 2731 989 2801 in
1010 2756 1064 2826 ep.
1085 2731 1129 2804 ad
1148 2731 1358 2812 Ciceronem
1386 2730 1432 2804 ad

255 2858 321 2926 Att.
349 2857 532 2946 Xorlz
557 2853 599 2925 ad
620 2854 696 2926 lam.
726 2857 798 2925 Vlll
825 2855 903 2943 16§
926 2879 957 2943 2,
986 2855 1041 2926 ubi
1070 2854 1114 2926 de
1141 2855 1325 2928 Ciceronis
1352 2881 1431 2952 quae

256 2980 398 3052 sortasse
418 2979 516 3050 iniret
535 2978 684 3051 consiliis
707 2996 848 3050 «contra
865 2979 1031 3051 victorem
1051 2982 1228 3059 Caesarem
1257 2979 1427 3052 faciendi»

255 3105 376 3176 ettad
405 3104 538 3199 fugatos
565 3103 778 3175 accedendi»
809 3129 958 3199 quaeque
986 3104 1064 3176 inde
1090 3103 1133 3176 ad
1160 3104 1430 3177 conturbandam

255 3228 438 3300 Ciceronis
473 3228 639 3298 fortunam
677 3245 817 3322 possem
852 3228 948 3322 sequi
979 3227 1110 3300 Caelius
1140 3228 1292 3325 exponit.
1324 3228 1432 3301 Vides

255 3353 333 3425 huic
353 3355 433 3424 loco
451 3370 487 3424 et
509 3352 674 3424 «animum
695 3369 729 3423 et
748 3352 914 3424 fortunam
930 3352 1142 3425 Caelianum»
1160 3355 1301 3425 subesse
1316 3378 1430 3448 posse,

256 3503 320 3550 nec
352 3504 419 3549 non
450 3477 581 3573 optime
612 3501 688 3547 cum
722 3478 787 3548 hac
818 3476 1099 3572 interpretatione
1126 3477 1323 3563 concinere,
1351 3502 1430 3573 quae

254 3603 297 3675 ad
316 3606 384 3673 Att.
403 3605 439 3673 X
466 3602 550 3695 ¹⁶24
568 3600 699 3672 Cicero
717 3599 852 3671 scribit:
878 3600 1045 3696 «cogitavi
1064 3601 1185 3673 eadem
1206 3601 1261 3674 illa
1275 3601 1430 3675 Caeliana

256 3753 334 3824 quae
354 3726 420 3822 legi
440 3727 472 3797 in
491 3726 636 3821 epistula
651 3742 731 3797 tua.
753 3782 760 3795 .
781 3782 788 3795 .
811 3781 818 3795 .
838 3742 874 3796 et
892 3725 963 3797 fieri
978 3742 1115 3820 poterat
1129 3743 1164 3798 ut
1178 3743 1427 3799 tentaremurr:
1504 3751 1507 3758 ·

255 3852 340 3924 duas
358 3876 412 3923 res
430 3875 506 3922 sese
525 3848 676 3921 timuisse
704 3848 798 3936 dicit,
826 3848 987 3944 equibus
1014 3851 1119 3923 altera
1145 3867 1221 3921 sunt
1250 3850 1380 3923 insidiae
1410 3877 1430 3924 a

256 3975 463 4050 Caesarianis
480 3974 523 4047 ad
542 3974 688 4046 animum
712 3973 785 4046 eius
813 3990 846 4045 ut
872 3974 1063 4069 suspicatur
1089 3974 1287 4047 tentandum
1315 3976 1426 4065 sactae,

254 4104 360 4174 altera
379 4099 530 4171 nimirum
551 4099 685 4171 lortuna
704 4098 757 4171 illa
775 4122 795 4169 a
813 4099 927 4170 Caelio
950 4099 1095 4195 copiose
1121 4099 1305 4195 descripta,
1333 4101 1429 4174 cuius

254 4225 388 4297 Atticus
406 4245 546 4321 quoque
566 4225 719 4318 perlecta
738 4222 839 4294 Caelii
858 4222 1003 4318 epistula
1022 4223 1173 4296 notitiam
1194 4226 1353 4297 habebat.

224 4389 229 4401 ·
315 4352 402 4431 „lam
421 4373 503 4430 vero
521 4371 642 4432 omnes
656 4345 805 4418 rationes
820 4371 873 4417 me
888 4346 1070 4441 protulisse
1089 4364 1173 4443 puto
1189 4372 1272 4440 quae‘
1287 4347 1427 4444 quidem

256 4472 299 4546 ad
318 4473 508 4545 Caelianum
530 4469 818 4567 interpretandum
838 4487 895 4542 aut
916 4471 1124 4566 excogitatae
1143 4489 1218 4544 sunt
1245 4489 1301 4544 aut
1328 4498 1428 4547 novae
