3374 5272
265 425 311 517 '4⁶

264 621 339 697 nam
359 626 536 722 perductae
555 645 640 700 sunt.
660 632 734 700 dam
756 647 789 701 ut
807 628 852 701 de
871 629 968 701 huius
988 630 1033 701 rei
1053 629 1260 723 gravissimae
1280 645 1438 723 tempore

263 751 381 822 fiamus
400 750 576 831 certiores,
598 751 885 847 proficiscendum
913 770 965 824 est
992 778 1011 824 a
1034 752 1183 824 Caesaris
1210 750 1317 823 cladis
1347 753 1439 846 Dyr-

262 875 436 947 rhachinae
454 893 622 972 tempore,
634 877 881 972 quaobsidioni
904 877 1155 973 Dyrrhachinae
1171 876 1244 947 finis
1259 874 1439 970 impositus

262 1016 324 1082 est,
369 1025 542 1097 quamque
577 1018 726 1073 exeunte
763 1026 880 1072 mense
914 1001 1016 1073 dunio
1051 1001 1221 1073 accidisse
1257 999 1340 1071 infra
1374 998 1440 1070 erit

261 1123 562 1196 demonstrandum
579 1123 667 1218 tJadn.
686 1152 718 1222 7(
733 1132 762 1219 Ji:
782 1143 977 1197 accuratum
994 1125 1082 1197 enim
1100 1127 1264 1196 habemus
1283 1123 1438 1196 Suetonii

262 1248 490 1320 testimonium
512 1249 555 1339 (d.
575 1253 639 1321 dul.
666 1250 731 1350 35h
754 1249 956 1345 Pompeium
976 1275 1039 1345 per
1053 1266 1213 1345 quattuor
1226 1274 1327 1345 paene
1343 1274 1440 1320 men-

261 1399 316 1444 ses
336 1374 488 1445 maximis
506 1374 669 1469 operibus
691 1400 710 1447 a
737 1376 880 1446 Caesare
907 1377 1085 1446 obsessum
1112 1400 1201 1461 esse,
1229 1399 1307 1469 quae
1334 1374 1441 1444 verba

260 1497 342 1593 quin
370 1498 413 1570 ad
440 1499 656 1572 obsidionem
689 1500 959 1598 Dyrrhachinam
989 1499 1180 1595 pertineant
1208 1500 1297 1570 nulla
1323 1514 1440 1593 potest

261 1645 338 1694 esse
364 1621 541 1694 dubitatio.
580 1624 740 1720 Sequitur
767 1624 904 1697 ineunte
932 1650 1048 1696 mense
1077 1623 1206 1695 Martio
1235 1621 1440 1718 Pompeium

260 1747 351 1843 apud
366 1748 616 1844 Dyrrhachium
632 1749 782 1821 obsideri
798 1766 954 1845 coeptum
970 1773 1066 1836 esse;
1083 1748 1132 1820 sic
1146 1748 1234 1820 enim
1255 1763 1439 1842 «quattuor

258 1899 362 1969 paene
382 1873 566 1945 mensium»
586 1874 680 1970 quod
696 1874 910 1946 desideratur
924 1874 1067 1970 spatium
1083 1873 1254 1945 obsidioni
1272 1871 1436 1944 tribuitur.

335 2000 489 2094 Tempus
507 2016 618 2070 autem
643 1999 737 2095 quod
767 1998 958 2070 intercessit
985 1997 1072 2070 inter
1097 1996 1234 2069 Antonii
1263 1996 1437 2068 transitum

259 2140 293 2194 et
311 2122 501 2194 obsidionis
522 2123 773 2220 Dyrrhachinae
793 2122 933 2210 initium,
953 2123 995 2194 ad
1015 2122 1165 2218 singulos
1188 2147 1289 2217 paene
1316 2120 1390 2192 dies
1418 2147 1439 2193 e

260 2247 411 2319 Caesaris
430 2248 685 2320 commentariis
703 2265 819 2344 potest
845 2247 987 2335 definiri,
1016 2273 1160 2344 quorum
1196 2271 1330 2318 ro-rz
1360 2271 1439 2318 esse

260 2398 434 2444 numerum
454 2373 522 2444 veri
543 2373 651 2444 simile
670 2390 734 2470 est..

334 2497 451 2585 Vides,
471 2497 496 2568 si
517 2513 613 2569 recte
632 2523 709 2569 sese
730 2498 855 2570 habeat
870 2497 954 2569 ratio
968 2523 988 2569 a
1002 2522 1057 2569 me
1071 2496 1260 2593 proposita,
1281 2512 1439 2567 extremo

262 2647 381 2693 mense
401 2622 601 2710 Februario,
622 2622 653 2692 in
673 2624 848 2696 Graeciam
868 2623 1028 2696 transisse
1046 2620 1248 2706 Antonium3
1276 2620 1339 2692 iam
1360 2646 1438 2692 cum

263 2747 469 2842 reliquorum
490 2763 667 2821 auctorum
688 2749 882 2820 testimonia
902 2775 968 2820 non
988 2749 1125 2820 obstent
1154 2746 1230 2819 huic
1257 2745 1438 2818 sententiae

260 2871 314 2963 (cf.
338 2873 509 2943 Plutarch.
530 2875 653 2943 Anton.
675 2897 704 2944 c,
727 2898 766 2970 7:
784 2882 983 2970 χειμῶνος
1001 2868 1100 2971 ὥρᾳς
1122 2876 1209 2968 Αρρ.
1231 2875 1255 2943 ll
1277 2873 1318 2972 56
1332 2873 1435 2970 sqq.)‚

259 2995 354 3067 unius
385 2996 535 3068 Caesaris
566 2996 749 3070 auctoritas
780 3024 943 3070 summam
977 2997 1224 3069 dubitationem
1258 2998 1380 3081 movit;
1410 2999 1437 3071 is

256 3120 357 3204 enim,
379 3121 432 3191 ubi
452 3122 588 3192 Antonii
608 3123 780 3194 transitum
801 3149 935 3195 narrare
955 3123 1072 3218 incipit
1092 3125 1132 3194 ΙΙΙ
1155 3142 1193 3222 25
1227 3123 1295 3194 init.
1329 3125 1434 3195 «mul-

256 3263 309 3316 tos
329 3246 393 3317 iam
414 3271 549 3317 menses
569 3246 670 3318 suisse
689 3265 723 3318 et
738 3248 885 3320 hiemem
903 3248 1157 3344 praecipitasse»
1179 3246 1334 3334 affirmat,
1355 3274 1434 3344 quae

257 3372 360 3442 verba
380 3397 446 3442 non
467 3371 573 3442 modo
593 3398 659 3442 non
680 3373 759 3445 satis
778 3373 917 3445 definita
939 3391 973 3445 et
1000 3389 1161 3445 accurata
1188 3398 1302 3443 verum
1331 3372 1432 3445 etiam

256 3498 392 3617 paulum
410 3497 625 3567 subobscura
643 3513 738 3584 sunt;
765 3522 839 3569 nam
860 3499 970 3570 statim
991 3496 1138 3595 quaestio
1157 3496 1318 3581 exoritur,
1348 3522 1436 3591 quo-

257 3647 333 3693 nam
369 3647 411 3692 ex
448 3637 606 3715 tempore
645 3625 790 3693 «multos
826 3648 981 3695 menses»
1017 3621 1222 3719 praeteriisse
1253 3621 1433 3717 significet.

257 3747 407 3816 Fuerunt
426 3744 482 3842 qui
507 3745 551 3816 de
579 3745 699 3817 hiemis
728 3746 822 3817 initio
850 3746 1052 3842 cogitarent,
1082 3763 1117 3817 ut
1144 3747 1266 3819 Caesar
1293 3745 1433 3818 dixerit:

259 3869 373 3940 «multi
405 3869 469 3941 iarn
499 3895 633 3941 menses
660 3896 702 3941 ex
732 3871 827 3942 initio
856 3871 975 3942 hiemis
1002 3871 1238 3966 praeterierant
1265 3887 1300 3941 et
1327 3869 1436 3942 hiems

256 3994 318 4067 iam
347 3994 640 4090 praecipitaverat»
673 3993 728 4088 (cf.
752 3995 983 4090 Oudendorp.
1013 3994 1055 4066 ad
1083 3997 1175 4067 Caes.
1206 3997 1224 4064 l.
1255 3997 1287 4089 l.)
1317 3994 1434 4090 magis

255 4136 365 4191 tamen
386 4118 573 4214 probabilis
594 4121 823 4191 recentiorum
857 4121 1077 4215 interpretum
1107 4138 1157 4191 est
1186 4119 1435 4214 interpretatio

254 4243 311 4338 qui
332 4245 455 4314 multos
474 4243 548 4315 illos
568 4270 702 4316 menses
721 4270 740 4316 a
755 4262 912 4339 tempore
928 4271 998 4340 quo
1014 4244 1045 4314 in
1061 4244 1238 4315 Graeciam
1254 4243 1433 4331 transierit,

255 4370 433 4440 Caesarem
453 4385 672 4464 computasse
691 4386 847 4441 statuunt.
868 4373 942 4442 dam
975 4386 1101 4465 quanta
1128 4367 1226 4439 nobis
1253 4368 1437 4442 difficultas

253 4494 424 4566 exoriatur
444 4494 656 4566 manifestum
677 4513 746 4579 est;
778 4520 853 4566 narn
882 4494 1013 4566 etiamsi
1043 4511 1192 4565 exeunte
1222 4520 1338 4566 mense
1368 4497 1435 4567 Fe-
