3374 5272
1267 421 1311 492 29

135 619 317 699 potuerunt
344 603 465 676 tentari
480 602 505 685 ;*
531 601 692 698 equibus
720 603 997 697 qualemcunque
1024 600 1186 695 accipies,
1215 615 1311 671 certe

134 727 196 799 tria
214 726 398 798 Ciceronis
416 726 558 799 consilia
577 725 817 822 distinguenda
834 741 921 811 sunt,
942 724 1027 796 inter
1046 750 1124 819 quae
1143 724 1199 796 diu
1220 723 1310 795 illum

134 850 273 924 dubium
294 850 469 923 haesitasse
486 849 702 923 statuendum
723 867 792 921 est:

215 1003 240 1047 1.
261 992 296 1047 ut
314 990 437 1048 coacta
455 975 632 1071 copiarum
651 1000 750 1046 manu
770 974 813 1046 ad
834 972 1046 1070 Pompeium
1075 972 1312 1068 proficiscere-

134 1119 203 1188 tur3
237 1100 332 1196 quo'd
359 1099 536 1173 consilium
565 1125 703 1197 prorsus
729 1098 884 1170 omisisse
911 1098 1043 1169 videtur
1070 1118 1136 1169 non
1164 1115 1243 1170 ante
1269 1123 1312 1169 ea

136 1251 212 1321 quae
238 1249 276 1295 12
299 1223 381 1295 Mai.
403 1222 434 1295 in
456 1224 672 1320 Pompeiano
689 1239 788 1320 gesta
805 1239 891 1295 sunt.
1108 1303 1112 1312 Ι

210 1374 239 1419 2.
260 1364 295 1421 ut
325 1350 417 1419 solus
448 1364 505 1420 aut
532 1347 650 1443 paucis
677 1347 860 1419 comitibus
887 1345 1047 1418 adhibitis
1075 1345 1106 1416 in
1134 1345 1310 1418 Graeciam

137 1471 253 1561 abiret,
273 1470 367 1567 quod
387 1488 563 1567 postremo
582 1498 659 1544 eum
681 1471 805 1544 lecisse
825 1489 941 1542 notum
960 1488 1022 1543 est.
1070 1456 1072 1458 ’

212 1622 239 1691 3.
261 1621 324 1692 per
341 1622 444 1667 omne
468 1595 548 1667 illud
576 1612 710 1692 tempus
738 1621 803 1666 nec
831 1621 897 1666 non
927 1596 1032 1666 multo
1059 1595 1160 1666 etiam
1189 1611 1311 1690 postea

135 1719 269 1817 penitus
287 1719 400 1792 animo
419 1719 492 1791 eius
510 1718 643 1792 inhaesit
672 1717 871 1814 paciscendi
898 1743 989 1814 spes,
1017 1718 1113 1790 cuius
1140 1717 1187 1789 rei
1216 1734 1311 1789 utet

134 1845 177 1915 ab
196 1844 271 1940 ipso
290 1860 325 1915 et
343 1845 386 1914 ab
404 1842 476 1916 aliis
495 1841 551 1938 (cl.
576 1844 748 1916 Plutarch.
775 1842 855 1914 Cic.
885 1845 903 1913 l.
933 1843 965 1936 l.)
994 1842 1139 1914 maxime
1167 1841 1311 1914 idoneus

134 1984 253 2042 auctor
271 1967 493 2051 indicabatur,
514 1969 559 2040 ita
576 1995 596 2040 e
615 1995 694 2040 vera
711 1968 811 2041 animi
830 1967 1000 2040 sententia
1018 1969 1085 2039 tale
1103 1967 1186 2062 quid
1206 1966 1312 2039 Cice-

136 2118 253 2165 ronem
272 2092 335 2164 sibi
354 2093 587 2189 proposuisse,
616 2120 683 2165 non
703 2119 806 2190 posse
826 2093 939 2188 negari
958 2092 1078 2164 docuit
1098 2092 1222 2165 Nissen
1242 2095 1261 2163 l.
1291 2096 1310 2164 l.

135 2242 167 2312 p.
188 2217 329 2289 ssbadn.
357 2243 383 2288 1.

208 2341 277 2413 Sed
297 2344 374 2414 haec
394 2341 451 2414 illo
470 2341 609 2439 quidem
630 2360 799 2440 tempore,
823 2361 858 2415 ut
884 2368 986 2438 supra
1012 2341 1179 2414 innuimus
1207 2342 1312 2438 magis

136 2491 216 2563 spes
233 2466 367 2538 videtur
394 2467 498 2539 luisse
526 2493 626 2563 quam
654 2467 852 2553 consilium;
881 2467 971 2539 unde
999 2469 1035 2538 fit
1061 2483 1096 2539 ut
1124 2492 1191 2537 non
1217 2492 1312 2562 saepe

134 2590 263 2664 mentio
282 2591 354 2664 eius
373 2591 511 2679 incidat,
531 2594 622 2663 velut
641 2594 708 2664 huc
726 2608 885 2688 spectare
904 2591 1036 2663 videtur
1053 2591 1217 2686 gravioris
1235 2617 1312 2687 per-

133 2744 230 2792 sonae
249 2717 481 2812 suscipiendae
499 2719 623 2813 spes‚**
646 2719 849 2812 plerumque
868 2717 938 2789 duo
957 2716 1012 2789 illa
1029 2715 1172 2789 consilia
1190 2716 1221 2787 in
1240 2716 1313 2812 epi-

38 2852 41 2858 '
133 2843 227 2916 stulis
245 2842 509 2938 distinguantur;
530 2842 741 2936 cl.X16‚4:
767 2842 1013 2938 «profectionis
1028 2841 1312 2937 autcogitationis

136 2992 259 3040 meae».

208 3096 321 3185 Atque
339 3094 481 3165 alterum
501 3091 641 3189 quidem
660 3116 702 3162 ex
718 3091 781 3162 illis
796 3090 975 3188 quomodo
985 3107 1021 3162 et
1031 3090 1312 3187 quandoCicero

137 3233 318 3289 exsecutus
336 3217 378 3289 sit
396 3233 519 3313 postea
537 3217 600 3288 erit
617 3215 821 3304 videndum;
842 3232 946 3288 restat
965 3232 999 3286 ut
1013 3214 1058 3287 de
1074 3215 1187 3310 priore
1201 3240 1312 3310 pauca

136 3339 300 3413 addamus
318 3358 439 3415 contra
457 3367 520 3414 eos
538 3341 595 3436 qui
617 3341 659 3412 nil
688 3341 749 3413 nisi
778 3366 883 3437 nugas
910 3341 973 3413 sub
1000 3365 1044 3412 eo
1072 3343 1177 3411 latere
1204 3340 1312 3436 suspi-

136 3464 203 3536 cati
220 3483 306 3537 sunt.

210 3592 292 3689 Qua
311 3590 341 3660 in
365 3615 401 3660 re
427 3589 614 3662 dolendum
642 3607 705 3678 est,
733 3591 828 3686 quod
856 3607 982 3662 tantum
1011 3588 1142 3676 videtur
1168 3588 1311 3661 valuisse

139 3714 328 3786 Drumanni
359 3713 544 3786 auctoritas
576 3714 818 3811 iniquissimum
851 3714 1012 3786 iudicium
1048 3714 1092 3785 de
1128 3713 1312 3786 Ciceronis

210 3962 221 3984 ³
242 3963 285 4009 Est
304 3963 358 4009 haec
376 3975 417 4008 res
436 3976 483 4008 una
501 3976 531 4008 ex
549 3963 728 4022 compluribus
754 3977 813 4022 quae
836 3964 929 4010 similes
954 3964 1110 4010 inveniantur
1136 3964 1156 4009 in
1176 3947 1309 4011 Ciceronis

136 4051 259 4112 epistulis,
279 4065 342 4110 quas
360 4050 479 4110 quonlam
496 4050 570 4097 Attici
589 4049 705 4110 epistulae
731 4058 831 4097 aetatem
858 4065 906 4098 non
924 4053 1044 4103 tulerunt.
1064 4051 1095 4097 ad
1115 4052 1236 4111 liquidum
1252 4068 1311 4113 per-

135 4140 233 4189 ducere
250 4141 288 4187 vix
307 4141 440 4200 possimus
461 4141 584 4187 Necnon
603 4139 729 4187 interdum
748 4141 812 4188 inter
831 4141 884 4188 illos
903 4141 972 4200 ipsos
991 4141 1081 4189 iactum
1100 4149 1147 4192 est,
1164 4149 1189 4188 ut
1207 4142 1311 4189 alterius

135 4229 281 4290 significatio
300 4243 420 4276 «numero
439 4228 564 4275 Platonis»
584 4237 610 4276 ut
627 4229 659 4276 ait
678 4229 773 4277 Cicero
789 4230 925 4277 obscurior
948 4230 1080 4277 videretur
1103 4232 1183 4277 alteri.
1210 4231 1311 4290 Quibus

137 4318 198 4365 locis
216 4325 311 4377 quanto
328 4316 451 4365 difficilior
468 4318 499 4364 sit
518 4317 622 4364 huiusce
640 4319 722 4364 aetatis
740 4319 906 4379 interpretum
935 4328 1041 4367 conatus
1060 4319 1131 4367 facilc
1149 4320 1311 4380 intelligitur;

136 4406 168 4455 cl.
187 4406 219 4455 ad
236 4412 288 4454 Att.
308 4407 350 4453 Vll
372 4406 426 4464 13b,
448 4421 467 4454 1.
488 4407 545 4452 xvi
568 4418 602 4463 11,
625 4418 644 4464 3.
1332 4395 1337 4405 ’

200 4497 226 4520 ”
245 4496 277 4544 ad
296 4500 347 4544 Att.
367 4496 390 4543 Χ
412 4509 448 4555 13,
471 4509 489 4555 3.
