3374 5272
472 987 759 1058 SENTENTIAE
786 987 1192 1088 CONTROVERSAE.

308 1249 328 1315 I.
348 1244 460 1316 Babrii
492 1244 558 1316 Iab.
594 1264 635 1337 39
662 1271 690 1313 u.
727 1267 764 1312 12
790 1242 1007 1314 scribendum
1027 1262 1078 1315 est
1097 1241 1149 1332 ὡς
1168 1271 1220 1317 αν
1237 1239 1422 1335 βλέποιτο

344 1375 393 1466 τῷ
411 1365 532 1456 [τέλος
551 1399 582 1442 rt
600 1363 794 1460 novaram.
828 1366 896 1438 Cdr
916 1365 1097 1458 βλέποιῑο
1117 1363 1198 1442 rdn.

298 1498 331 1565 II.
351 1497 464 1565 Locus
487 1494 648 1589 Polyaeni
668 1495 742 1562 VIII
760 1517 815 1586 23,
838 1519 872 1586 ¹3
891 1492 934 1564 ad
950 1517 1008 1564 eas
1023 1518 1077 1564 res
1090 1511 1205 1589 gestas
1219 1493 1420 1566 referendus

345 1639 408 1704 est,
428 1642 568 1713 quarum
589 1617 758 1689 enarratio
774 1593 943 1688 intercidit
957 1617 1048 1712 apud
1063 1619 1240 1690 Caesarem
1257 1619 1335 1688 beII.
1353 1618 1418 1690 eiu.

346 1745 387 1812 III
412 1767 453 1846 5⁰
471 1763 568 1826 extr„
588 1742 732 1837 Appian.
763 1741 841 1812 bell.
870 1741 933 1811 εἰν.
963 1743 989 1811 II
1017 1743 1073 1812 (ro,
1119 1742 1162 1812 cf.
1194 1742 1289 1813 Dion
1317 1743 1417 1814 Cass.

346 1869 502 1964 xI150.

265 1993 331 2060 ·III.
351 1993 507 2061 Lucanus
529 1991 678 2062 Pharsal.
700 1992 728 2058 V
755 2017 762 2059 r
780 2017 787 2060 1
804 2015 812 2058 r
837 1991 912 2085 sqq.
934 1989 977 2061 ad
997 2014 1051 2060 res
1069 1989 1173 2084 ipsius
1191 2007 1347 2084 tempore
1361 2016 1422 2086 ge-

345 2133 413 2187 stas
431 2133 583 2211 spectat:
604 2115 648 2186 cI'.
672 2115 797 2185 Dionis
815 2114 916 2186 Cassi
936 2114 1015 2209 epit.
1039 2116 1146 2185 LXIII
1173 2141 1223 2207 14,
1239 2139 1255 2184 2
1273 2133 1307 2187 et
1322 2117 1420 2188 Iocos

266 2237 268 2241 ’
345 2238 436 2334 apud
459 2239 730 2334 Hertzbergium,
751 2240 883 2310 Gesch.
905 2238 1105 2310 Griechenl.
1127 2255 1224 2310 unter
1238 2238 1269 2310 d.
1289 2234 1391 2311 Rom.
1409 2243 1421 2311 I

346 2390 377 2459 p.
406 2388 470 2433 110
489 2363 566 2435 adn.
591 2387 652 2459 27;
675 2389 706 2458 p.
730 2365 791 2433 zur
817 2363 894 2434 adn.
923 2387 972 2432 12.

276 2490 327 2559 IV.
345 2488 510 2559 Ciceron.
531 2513 585 2583 ep.
606 2489 650 2560 ad
670 2487 746 2559 Iam.
767 2490 849 2558 XVI
871 2512 924 2570 21,
939 2514 958 2583 7
974 2487 1192 2558 scribendum
1208 2505 1276 2559 est:
1298 2512 1418 2559 suaves

344 2612 564 2708 deponendae
583 2613 641 2684 tibi
662 2631 737 2684 sunt
757 2613 971 2684 urbanitates.
994 2613 1086 2685 Cdd.
1112 2614 1273 2684 «habes».

287 2741 326 2809 V.
346 2738 497 2809 Dionem
526 2738 684 2810 Cassium
713 2737 743 2807 in
772 2737 932 2808 Catilinae
959 2737 1195 2809 coniuratione
1229 2736 1419 2809 enarranda

348 2863 441 2933 Livio
468 2862 562 2934 Ionte
591 2887 685 2933 usum
713 2887 791 2933 esse
819 2861 891 2932 libri
919 2864 1091 2932 XXXVII
1110 2886 1162 2934 oc.
1188 2888 1229 2958 37
1249 2886 1299 2957 sq.
1321 2886 1417 2933 com-

344 2988 514 3082 probatur.

276 3112 329 3181 VI.
348 3111 471 3206 Figura
485 3137 585 3206 quam
598 3111 737 3182 exhibet
752 3135 906 3180 nummus
916 3127 1096 3205 argenteus
1116 3111 1257 3182 incertae
1276 3109 1415 3205 originis

345 3235 506 3306 Lucaniae
526 3252 582 3305 aut
604 3235 721 3305 Bruttii
740 3234 883 3305 alicuius
901 3233 1020 3329 oppidi
1040 3234 1098 3328 Ics.
1122 3236 1233 3307 CataI.
1254 3235 1295 3309 os
1309 3237 1419 3327 greek

345 3359 442 3430 coins
461 3360 493 3429 in
512 3362 569 3430 the
590 3358 662 3429 brit.
679 3362 768 3430 IVIus.
790 3361 869 3454 Italy
888 3384 919 3454 p.
942 3360 1030 3457 395),
1052 3360 1181 3431 Bacchi
1196 3384 1273 3432 esse
1285 3363 1413 3458 nequit.

260 3485 327 3552 VII.
348 3486 490 3555 Pausan.
512 3486 585 3554 VIII
610 3509 662 3579 37,
679 3510 700 3576 4
719 3482 814 3579 quod
844 3483 969 3554 Dianae
996 3484 1083 3555 duos
1110 3502 1289 3580 serpentes
1318 3512 1415 3559 manu

346 3609 492 3679 tenentis
520 3609 734 3679 simulacrum
754 3608 968 3691 describitur,
993 3634 1060 3679 non
1078 3609 1201 3681 librarii
1232 3609 1314 3681 vitio
1347 3613 1415 3684 hoe

346 3732 471 3803 Iactum
490 3751 552 3811 est,
573 3733 634 3805 sed
650 3734 687 3804 is‘
700 3733 756 3829 qui
772 3732 984 3804 simulacrum
1002 3733 1082 3805 iIIud
1096 3733 1187 3819 vidit,
1208 3758 1323 3805 arcum
1339 3735 1417 3808 deae

347 3883 413 3928 non
433 3876 528 3928 recte
548 3857 787 3953 interpretatus
806 3875 869 3928 est.

248 3985 330 4053 VIII.
349 3983 469 4053 Florus
493 3984 535 4052 IV
557 4007 586 4065 2,
605 3984 646 4076 38
665 3982 816 4076 scripsit:
850 3983 1069 4054 «Contractis
1088 3980 1118 4053 in
1146 4009 1245 4055 unum
1266 3983 1416 4080 denique

344 4107 502 4179 omnibus
520 4107 632 4202 copiis
650 4125 739 4179 etc.»
763 4107 856 4178 Cdd.
882 4107 1088 4203 «undique».

273 4234 331 4301 IX.
345 4232 444 4328 Apud
463 4234 631 4305 Senecam
651 4234 786 4304 Suasor.
808 4234 851 4302 VI
873 4257 903 4319 2,
939 4233 991 4302 «in
1024 4250 1165 4328 pectusu
1196 4232 1415 4317 scribendum

302 4399 304 4403 ·
345 4381 422 4428 esse
453 4358 558 4429 docet
593 4375 769 4430 auctorum
808 4356 1022 4429 Livianorum
1057 4381 1258 4443 consensus
1297 4357 1414 4429 Orosii

347 4483 390 4550 VI
416 4484 518 4573 ro,4;
538 4485 650 4554 Valer.
675 4485 769 4553 Max.
792 4485 831 4552 III
853 4507 883 4567 2,
903 4506 960 4575 ¹3:
983 4483 1072 4551 Flor.
1095 4483 1138 4550 IV
1159 4481 1257 4567 2,6a.
