3374 5272
1381 435 1417 507 tt

360 614 511 688 'urbibus
531 613 757 713 relinquendo
775 634 900 688 tantum
921 615 1088 713 temporis
1115 617 1239 701 tribuit,
1260 635 1420 714 quantum

372 760 444 814 erat
463 741 659 836 properanti
680 766 846 813 necesse»
869 741 912 812 cl.
936 743 1079 837 11178,1
1104 760 1138 814 et
1163 767 1192 813 2.
1215 745 1334 841 Quare
1355 769 1422 815 non

373 868 448 962 plus
473 891 484 972 5
509 865 583 937 dies
602 891 678 937 eum
700 865 744 936 ibi
764 881 1010 937 commoratum
1031 891 1108 938 esse
1128 867 1244 938 licebit
1263 885 1421 940 statuere.

324 995 398 1063 lam
419 990 625 1087 computatis
646 991 697 1061 his
716 990 854 1086 singulis
873 990 1004 1062 dierum
1026 993 1182 1079 numeris,
1202 1018 1333 1065 summa
1351 993 1425 1064 efli-

252 1114 338 1186 citur
366 1141 433 1184 non
457 1115 576 1200 minus,
597 1115 658 1186 nisi
687 1115 796 1199 fallor,
824 1139 871 1206 40
898 1114 1040 1219 dierum,
1065 1141 1153 1210 quos
1173 1116 1258 1188 inter
1276 1141 1425 1212 pugnarn

255 1239 485 1312 Pharsalicam
518 1257 551 1310 et
582 1239 717 1311 cladem
752 1238 1024 1334 Dyrrhachinam
1059 1239 1293 1312 intercessisse
1324 1258 1426 1313 statu-

254 1363 378 1434 endum
409 1366 497 1435 est*
533 1367 686 1459 Apparet
714 1363 812 1458 igitur
839 1389 906 1433 non
934 1381 1012 1458 post
1046 1364 1224 1436 Kalendas
1255 1365 1428 1464 Quintiles

255 1490 342 1558 hanc
358 1488 481 1560 laetam
497 1513 575 1560 esse
589 1505 624 1559 et
644 1488 726 1558 mire
739 1490 776 1558 F.
798 1488 1030 1559 Holmannum
1048 1513 1225 1584 peccasse,
1246 1490 1303 1584 qui
1319 1507 1426 1562 totum

255 1638 406 1684 mensem
423 1613 613 1710 Quintilem
631 1612 662 1682 in
681 1611 864 1683 obsidione
886 1613 1124 1708 Dyrrhachina
1142 1640 1162 1685 a
1180 1616 1324 1686 Caesare
1344 1639 1428 1686 con·

254 1755 424 1832 sumptum
452 1762 530 1809 esse
557 1736 727 1822 statuerit;
766 1737 869 1808 immo
900 1754 1055 1808 extremo
1083 1739 1337 1810 mense'lunio
1372 1755 1429 1811 aut

255 1877 355 1932 antea
381 1862 482 1933 linem
510 1862 541 1933 ei
565 1861 759 1958 impositum
787 1887 864 1933 esse
883 1864 1129 1957 comprobatur
1148 1888 1189 1934 ea
1207 1888 1308 1958 quarn
1329 1888 1429 1958 supra

257 1984 457 2057 instituimus
475 1986 744 2082 computatione,
764 2013 805 2058 ex
827 1987 973 2081 ipsarum
990 2011 1099 2057 rerum
1110 2002 1282 2082 gestarum
1299 1987 1429 2058 ratione

257 2088 371 2205 petita.

334 2235 399 2306 His
417 2236 566 2330 peractis
583 2236 627 2307 ad
645 2238 783 2308 alteram
806 2222 969 2307 rationem
990 2253 1210 2323 transeamus,
1230 2261 1309 2332 quae
1324 2236 1430 2307 Cice-

258 2359 350 2430 ronis
369 2360 482 2431 nititur
500 2360 671 2457 epistulis;
693 2360 778 2432 illius
795 2361 884 2432 enim
905 2377 1039 2432 exstant
1054 2360 1175 2433 litterae
1189 2359 1232 2432 ad
1248 2364 1314 2431 Att.
1332 2364 1382 2431 Xl
1396 2388 1430 2454 4,

258 2510 398 2580 quarum
427 2485 471 2557 de
498 2502 655 2581 tempore
683 2487 825 2581 primum
854 2485 1077 2582 quaerendum
1106 2501 1168 2557 est.
1198 2488 1248 2557 Ac
1276 2485 1431 2581 plerique

259 2609 399 2703 quidem
420 2611 575 2682 homines
594 2609 698 2694 docti,
720 2613 776 2707 qui
796 2611 980 2683 Ciceronis
999 2611 1153 2706 epistulis
1167 2636 1307 2707 operam
1324 2611 1432 2683 dede-

261 2752 345 2819 runt,
368 2735 554 2823 Manutius,
574 2738 708 2824 Schutz,
729 2738 879 2825 Cruber,
902 2739 992 2808 Boot
1013 2762 1110 2807 unam
1130 2761 1208 2807 esse
1227 2761 1282 2831 ep.
1303 2736 1345 2807 ad
1365 2740 1431 2808 Att.

262 2861 310 2928 xl
326 2886 348 2952 4
366 2861 506 2932 omnino
526 2879 743 2958 negaverunt.
773 2865 888 2961 Quam
908 2863 935 2933 si
954 2861 1063 2933 oculis
1081 2863 1333 2957 perlustramus,
1353 2886 1434 2933 sane

263 2983 378 3055 mirum
411 2984 516 3058 videri
544 3003 670 3081 potest,
698 2986 793 3082 quod
826 2986 856 3056 in
886 2988 905 3077 ξ
938 3012 945 3055 ι
972 2988 1078 3058 nullas
1106 3011 1159 3057 res
1177 2985 1295 3057 litteris
1314 2986 1434 3081 dignas

261 3133 338 3181 sese
358 3110 485 3183 habere
504 3111 636 3183 Cicero
653 3112 807 3200 affirmat,
827 3114 981 3200 contrat¹
1001 3136 1018 3180 2
1040 3110 1108 3180 init.
1125 3110 1169 3182 de
1185 3136 1272 3182 nova
1286 3109 1433 3206 quadam

263 3259 298 3306 re
326 3259 433 3330 nuper
458 3253 566 3331 gesta,
595 3236 639 3307 de
667 3261 733 3331 qua
765 3236 898 3307 Atticus
926 3235 956 3305 in
984 3234 1130 3331 epistula
1156 3235 1372 3329 quaesiverat,
1391 3235 1434 3306 ad

264 3358 428 3430 Isidorum
448 3360 679 3432 sciscitantem
700 3377 859 3443 revocat3
879 3385 980 3454 quam
1001 3385 1071 3430 rem
1091 3384 1168 3431 esse
1187 3359 1338 3433 Caesaris
1365 3361 1435 3430 cla-

266 3480 344 3554 dem
367 3484 640 3580 Dyrrhachinam
663 3485 838 3557 Manutius
859 3502 953 3555 recte
972 3483 1157 3580 perspexit.

338 3608 406 3679 Sed
427 3609 497 3679 tolli
517 3609 649 3682 videtur
662 3610 737 3682 haec
749 3609 942 3695 difficultas,
964 3633 1041 3679 cum
1059 3623 1264 3702 reputamus
1284 3606 1436 3702 aliquan-

263 3747 332 3802 tum
353 3731 417 3804 iam
438 3734 602 3828 temporis
620 3751 699 3831 post
717 3733 850 3806 cladem
872 3733 959 3804 illam
979 3734 1132 3828 elapsum
1151 3757 1238 3818 esse,
1260 3756 1322 3826 per
1340 3732 1435 3828 quod

264 3882 341 3929 cum
370 3858 414 3929 nil
444 3857 519 3930 novi
542 3875 675 3954 gestum
695 3875 788 3932 esset
806 3875 901 3932 recte
920 3857 1051 3929 Cicero
1070 3857 1206 3953 scripsit
1224 3882 1303 3953 quae
1322 3857 1354 3928 in
1375 3858 1393 3947 ξ
1420 3882 1430 3926 r

266 3984 431 4078 leguntur,
460 4008 526 4056 nec
553 3983 660 4080 prima
688 4009 708 4054 e
736 3984 852 4072 tribus
881 4007 966 4079 quas
992 3984 1036 4053 ab
1062 3981 1178 4053 Attico
1198 3998 1266 4053 tum
1286 3981 1435 4077 accepit,

265 4107 409 4203 epistula
427 4133 542 4180 ansam
561 4108 593 4180 ei
613 4109 792 4204 praebebat
810 4105 945 4195 veteris,
967 4122 1001 4177 ut
1020 4106 1186 4178 Ciceroni
1205 4105 1345 4202 quidem
1374 4131 1437 4202 po-

265 4249 350 4304 terat
365 4233 482 4322 videri,
502 4233 550 4306 rei
572 4232 905 4320 commemorandae3
925 4234 1031 4304 altera
1054 4248 1181 4304 tantum
1196 4233 1350 4327 perlecta
1364 4231 1438 4326 epi·

341 4519 350 4537 ·
369 4515 458 4560 Similis
476 4522 514 4561 cst
532 4515 621 4563 Gbleri
640 4516 703 4562 ratio
721 4530 744 4576 p.
767 4515 809 4573 148
824 4514 881 4561 adn.
903 4527 914 4558 2
933 4513 1074 4574 proposita.
1183 4524 1186 4529 ⁴
