3374 5272
251 370 296 441 42

326 550 462 649 Quodsi
482 567 721 647 computamus
741 550 947 625 haecomnia
977 552 1123 649 Pompei
1151 550 1280 633 itinera,
1299 571 1430 625 summa

252 676 400 748 eflicitur
419 701 449 747 c.
481 698 550 770 250
578 702 644 772 mp.
675 676 889 769 tAccuratior
916 703 1073 750 numerus
1101 705 1167 750 non
1195 695 1310 774 potest
1336 677 1428 761 dari;

253 826 331 873 usus
349 826 421 872 sum
444 800 603 896 Kieperti
618 802 685 872 tab.
702 802 766 871 Atl.
788 802 878 871 l·lell.
895 800 966 894 Vlll
983 800 1072 872 unde
1088 827 1154 872 non
1171 801 1279 873 minus
1301 827 1340 872 ro
1354 801 1430 873 dies

253 926 284 995 in
305 925 368 996 illis
386 925 606 1020 perficiendis
626 925 715 996 illum
735 925 990 1021 consumpsisse
1008 944 1161 1021 apparet.
1190 926 1297 999 Vides
1323 951 1353 998 c.
1389 951 1431 1018 14

253 1049 383 1121 dierum
415 1049 559 1144 spatium
593 1048 678 1120 inter
709 1049 860 1121 Caesaris
890 1049 1071 1121 adventum
1105 1067 1139 1122 et
1170 1068 1356 1122 castrorum
1385 1048 1430 1122 ad

252 1176 380 1268 Apsum
401 1172 528 1244 initium
550 1172 777 1245 intercedere.

329 1299 387 1368 De
415 1299 526 1384 rebus,
546 1322 631 1391 quas
659 1298 780 1368 Caesar
807 1314 884 1392 post
911 1296 1093 1369 adventum
1120 1297 1236 1392 gessit,
1260 1299 1304 1370 cl.
1333 1300 1428 1370 Caes.

253 1424 294 1492 lll
321 1448 328 1492 1
346 1447 370 1509 1,
388 1447 400 1516 3
423 1446 494 1516 sq.;
523 1446 580 1501 12;
609 1447 658 1516 13,
676 1442 711 1520 53
740 1421 906 1516 expositis
924 1421 1013 1493 enim
1034 1422 1193 1494 militibus
1219 1422 1344 1495 eodem
1372 1421 1430 1494 die

254 1544 457 1644 1151111.
488 1545 633 1617 Oricum
662 1545 838 1641 profectus
864 1563 916 1617 est
942 1545 1060 1618 addito
1088 1547 1198 1618 noctis
1226 1547 1344 1619 itinere
1372 1545 1429 1639 (cs.

253 1669 398 1765 Appian.
419 1671 495 1743 bell.
518 1669 580 1741 eiu.
603 1672 627 1740 ll
652 1688 715 1767 54).

328 1795 444 1866 blan.
474 1819 572 1865 mane
599 1794 642 1866 ad
669 1793 836 1890 oppidum
864 1795 1019 1881 advenit;
1048 1821 1119 1890 quo
1147 1813 1291 1891 recepto
1318 1795 1430 1868 statim

255 1919 473 2014 Apolloniam
494 1920 669 2013 profectus
688 1936 749 2006 est,
770 1945 840 2014 quo
859 1920 1017 2014 perlecto
1032 1945 1062 1992 c.
1085 1946 1126 2014 30
1142 1946 1207 2016 mp.
1238 1920 1358 1993 itinere
1373 1919 1430 2015 (cs.

257 2043 414 2138 Kieperti
434 2045 498 2113 Atl.
524 2044 614 2114 llell.
636 2060 657 2113 t.
675 2042 745 2136 Vll)
764 2047 838 2115 lan.
858 2043 996 2115 advenit
1015 2046 1047 2129 A,
1068 2062 1101 2116 ut
1120 2045 1262 2116 videtur.

292 2167 445 2240 7²Caelii
481 2168 626 2263 epistula
653 2167 695 2240 ad
728 2168 938 2240 Ciceronem
963 2171 1035 2239 Vlll
1071 2196 1109 2266 ¹7
1137 2169 1277 2264 quando
1304 2170 1433 2266 scripta

256 2292 297 2362 sit
317 2308 351 2362 ut
370 2291 581 2386 indagemus,
601 2291 645 2363 de
665 2291 767 2363 totius
786 2292 963 2364 seditionis
978 2293 1146 2365 Caelianae
1162 2311 1319 2389 tempore
1335 2319 1432 2388 quae-

255 2415 396 2488 rendum
416 2433 476 2488 est.
499 2419 613 2514 Quam
635 2416 729 2489 initio
747 2416 823 2488 anni
844 2419 890 2509 411
910 2404 1036 2487 initium
1066 2416 1211 2512 cepisse,
1241 2435 1384 2514 apparet
1412 2444 1433 2491 e

255 2541 406 2613 Caesaris
425 2543 505 2612 loco
527 2543 565 2610 lll
587 2565 642 2626 zo,
662 2567 668 2611 1
699 2541 815 2612 «initio
835 2541 1082 2635 magistratus».
1103 2542 1234 2615 Caelius
1252 2543 1340 2614 enim
1362 2569 1432 2615 non

257 2668 441 2737 observato
460 2664 599 2736 biennio
618 2682 766 2736 exeunte
786 2691 813 2737 a.
836 2691 881 2758 4o
902 2683 1028 2761 praetor
1046 2684 1183 2738 creatus
1201 2684 1252 2739 est
1270 2686 1305 2739 et
1327 2694 1333 2738 1
1355 2671 1430 2739 lan.

256 2815 285 2861 a.
306 2792 353 2883 48
373 2789 600 2885 magistratum
622 2789 701 2861 iniit.
721 2793 794 2861 lam
815 2789 986 2885 quaeritur,
1015 2790 1154 2885 quando
1174 2791 1247 2862 finis
1271 2791 1433 2863 seditioni

257 2914 299 2986 sit
318 2915 513 3010 impositus;
546 2939 587 2986 ac
607 2916 756 2986 celerem
776 2914 914 3009 quidem
943 2914 1069 2986 exitum
1098 2915 1185 2987 illam
1216 2916 1373 2988 habuisse
1401 2917 1433 2987 in

260 3040 448 3112 universum
469 3041 590 3111 Caesar
607 3057 728 3111 auctor
751 3056 803 3111 est
823 3042 861 3110 lll
888 3064 995 3133 22,4;
1024 3040 1085 3112 sed
1112 3041 1305 3113 accuratior
1330 3041 1434 3113 etiam

223 3210 228 3222 ·
260 3165 421 3237 terminus
452 3164 543 3237 elfici
576 3164 719 3250 videtur,
751 3164 776 3235 si
810 3183 1015 3259 reputamus,
1046 3191 1117 3259 quo
1149 3168 1228 3237 loco
1258 3165 1437 3238 seditionis

260 3289 508 3362 enarrationem
542 3289 736 3375 inseruerit,
769 3313 799 3359 c.
828 3314 866 3382 11)
885 3288 974 3360 enim
993 3307 1028 3361 et
1056 3289 1094 3362 iis
1121 3316 1200 3385 quae
1227 3291 1437 3363 antecedunt

260 3439 314 3486 res
341 3414 383 3486 ad
411 3417 538 3509 Apsum
566 3430 680 3509 gestas
707 3412 860 3508 exponit,
888 3439 1038 3509 quaeque
1066 3415 1190 3486 eodem
1220 3432 1376 3512 tempore
1405 3416 1436 3486 in

262 3537 403 3623 Graecia
432 3555 528 3634 gesta
558 3554 652 3625 sunt,
681 3537 809 3609 deinde
836 3562 888 3609 cc.
920 3563 1060 3609 20—22
1089 3539 1241 3636 adiungit
1268 3540 1437 3612 Caelianae

261 3662 439 3734 seditionis
474 3662 743 3749 enarrationem,
788 3678 823 3734 et
857 3662 996 3758 quidem
1032 3663 1183 3736 adhibita
1217 3689 1247 3736 c.
1282 3690 1327 3736 20
1367 3664 1435 3737 init.

263 3787 407 3859 lormula
441 3787 580 3859 «iisdem
613 3787 861 3883 temporibus»,
894 3812 994 3883 quam
1023 3814 1092 3860 non
1118 3788 1162 3860 ad
1190 3788 1283 3860 initia
1309 3805 1437 3861 tantum

262 3911 440 3984 seditionis
466 3929 625 4007 spectare
653 3911 733 3984 inde
760 3929 912 4008 apparet,
946 3912 1051 4008 quod¹
1068 3912 1213 3984 adiectis
1231 3913 1342 3985 statim
1362 3940 1437 3986 ver-

264 4036 315 4108 bis
337 4036 453 4107 «initio
480 4037 713 4132 magistratus»
744 4037 788 4108 ad
816 4036 924 4132 prima
950 4037 1129 4109 seditionis
1156 4054 1312 4134 tempora
1338 4039 1435 4135 quasi

264 4160 464 4257 regreditur.
495 4163 643 4233 Narrata
668 4179 781 4232 autem
809 4160 981 4233 seditione
1009 4162 1089 4233 inde
1116 4186 1136 4233 a
1163 4187 1192 4233 c.
1219 4187 1259 4252 23
1290 4163 1438 4259 scriptor

264 4286 381 4357 transit
408 4285 450 4356 ad
478 4311 537 4357 eas
560 4310 614 4356 res
632 4285 849 4372 enarrandas,
870 4311 949 4381 quae
968 4287 1071 4380 paulo
1090 4303 1168 4358 ante
1188 4303 1374 4357 castrorum
1394 4285 1438 4358 ad

264 4412 391 4505 Apsum
414 4411 513 4481 linem
532 4427 640 4505 gestae
659 4428 744 4480 sunt.
773 4414 846 4481 lam
875 4410 1067 4505 praecipere
1096 4409 1175 4480 milti
1204 4409 1315 4497 liceat,
1344 4411 1439 4506 quod
