3374 5272
1298 391 1340 464 tt

172 574 256 647 insra
290 572 367 647 adn.
406 599 452 671 74
482 574 545 647 erit
576 573 889 663 demonstrandum,
911 575 1010 646 linem
1044 575 1236 670 impositum
1269 599 1346 646 esse

171 701 289 772 castris
307 699 349 770 ad
369 703 497 794 Apsum
516 717 663 769 exeunte
683 724 799 770 mense
821 699 1026 783 Februari03
1052 699 1166 795 itaque
1188 699 1255 771 hoc
1274 700 1345 771 sere

171 845 328 920 tempore
359 839 457 918 gesta
483 841 558 895 sunt
586 848 664 918 quae
691 848 743 894 cc.
775 848 792 893 2
802 849 814 917 3
846 848 921 918 sqq.
951 824 1073 894 Caesar
1098 842 1242 912 enarrat,
1269 842 1347 896 ante

171 951 239 1020 hoc
259 966 392 1043 tempus
426 947 620 1034 factasunt,
645 973 724 1042 quae
751 972 803 1018 cc.
840 973 879 1041 rr)
906 965 941 1018 et
968 948 1006 1019 iis
1033 974 1111 1043 quae
1138 949 1345 1021 antecedunt

171 1090 398 1169 exponuntur,
420 1096 484 1144 nec
505 1098 571 1143 non
591 1097 642 1149 ea,
663 1098 742 1167 quae
761 1071 886 1143 eodem
906 1090 1063 1168 tempore
1082 1073 1112 1142 in
1141 1073 1232 1144 ltalia
1250 1091 1347 1168 gesta

171 1223 247 1269 esse
267 1200 389 1269 Caesar
406 1214 529 1268 auctor
546 1215 608 1285 est,
627 1196 831 1268 seditionem
851 1196 931 1268 dico
951 1197 1151 1270 Caelianam.

249 1325 338 1394 llaec
357 1322 383 1392 si
405 1339 499 1393 recte
518 1321 595 1409 vidi,
615 1339 757 1417 apparet
785 1348 850 1392 non
880 1339 975 1393 recte
1001 1321 1044 1393 ad
1073 1348 1222 1395 mensem
1252 1327 1346 1396 Mar·
1374 1319 1376 1323 ’

174 1447 251 1517 tium
271 1448 372 1542 vulgo
393 1447 507 1518 referri
527 1463 661 1541 tempus
680 1446 847 1541 epistulae,
866 1446 910 1517 ad
931 1446 1007 1518 lam.
1029 1449 1102 1517 Vlll
1129 1474 1178 1542 17‚
1206 1447 1251 1520 de
1278 1474 1345 1544 qua

172 1571 311 1666 agimus,
332 1571 465 1666 Scripta
483 1595 524 1641 ea
542 1587 593 1641 est
612 1570 684 1641 sine
703 1569 809 1640 dubio
828 1587 1009 1667 postquam
1039 1571 1170 1665 legibus
1196 1575 1347 1667 promul-

169 1695 256 1790 gatis
276 1695 447 1765 hominum
467 1694 598 1765 animos
621 1693 682 1764 sibi
711 1694 897 1765 conciliare
926 1694 988 1766 iam
1014 1712 1157 1766 conatus
1184 1714 1236 1767 est
1262 1699 1345 1769 Cae-

171 1819 232 1890 lius
250 1819 293 1891 cl.
317 1824 335 1911 ς’
358 1844 395 1889 2:
421 1818 602 1913 «equidem
623 1860 667 1868 —
688 1836 821 1904 esset»;
842 1836 876 1889 et
894 1845 938 1890 eo
957 1820 1170 1914 potissimum
1199 1821 1345 1893 consilio

171 1944 301 2016 videtur
318 1944 445 2039 scripta
463 1969 539 2015 esse
560 1961 593 2014 ut
612 1943 822 2015 Ciceronem
842 1960 877 2014 et
896 1961 1033 2016 eeteros
1054 1946 1287 2042 Pompeianos
1301 1946 1344 2018 ad

169 2069 275 2165 ipsam
296 2069 421 2141 ltaliam
441 2067 626 2164 petendam
646 2085 807 2140 evocaret
827 2067 869 2139 cl.
893 2068 980 2139 ibid:
1013 2097 1024 2131 <r
1034 2095 1094 2140 vos
1121 2069 1274 2142 dormitis
1298 2113 1342 2120 ——

171 2194 331 2265 imbecilli
344 2198 377 2264 i»
398 2192 535 2291 Quodsi
553 2192 718 2264 Caeliuse
738 2192 914 2264 Cicerone
933 2193 1065 2288 quaerit,
1087 2221 1163 2266 num
1184 2194 1343 2290 proelium

169 2336 372 2414 exspectent
384 2318 414 2388 in
427 2317 578 2403 Graecia,
594 2317 663 2388 veri
678 2318 786 2388 simile
800 2336 851 2389 est
867 2318 1015 2389 nuntium
1032 2318 1095 2390 iam
1111 2337 1179 2390 tum
1198 2323 1343 2391 Romam

171 2443 272 2515 luisse
307 2445 441 2515 allatum
466 2443 510 2514 de
540 2443 685 2538 Pompei
715 2442 889 2514 itineribus
915 2461 949 2514 et
975 2443 1019 2515 de
1048 2444 1221 2539 utriusque
1248 2470 1346 2516 exer-

171 2569 297 2640 cituum
317 2568 407 2664 apud
428 2572 554 2664 llpsum
575 2594 772 2664 congressu.

246 2697 340 2792 Quae
359 2720 436 2765 cum
457 2694 500 2766 ita
519 2694 595 2780 sint,
616 2718 821 2790 quamquam
842 2695 884 2764 nil
904 2694 988 2766 certi
1009 2694 1053 2766 de
1075 2695 1232 2790 epistulae
1260 2713 1345 2766 tem-

172 2842 256 2912 pore
275 2818 372 2890 statui
393 2844 495 2914 posse
516 2817 635 2905 fateor,
655 2834 811 2888 extremo
831 2843 947 2889 mense
961 2817 1121 2890 ianuario
1136 2818 1223 2891 illam
1239 2819 1346 2915 scrip-

171 2960 238 3013 tam
258 2967 335 3013 esse
353 2941 531 3014 statuam*

248 3066 455 3162 Respondet
483 3066 542 3154 nisi
572 3066 669 3137 lallor
697 3064 774 3137 huic
803 3065 921 3137 rationi
949 3066 1210 3162 chronologicae
1238 3069 1344 3145 locus,

173 3217 244 3287 quo
274 3192 396 3277 Livius,
425 3217 527 3288 quem
556 3208 749 3288 temporum
777 3190 932 3262 ordinem
962 3191 992 3261 in
1022 3193 1122 3263 rebus
1149 3193 1346 3265 enarrandis

173 3333 328 3388 secutum
343 3342 422 3388 esse
437 3318 512 3411 plus
527 3342 627 3387 unum
647 3316 755 3387 docet
773 3315 962 3411 vestigium,
983 3317 1151 3390 Caelianae
1169 3319 1346 3391 seditionis

175 3441 425 3513 enarrationem
446 3440 584 3511 inseruit
602 3441 645 3512 cl.
667 3439 739 3535 epit
759 3442 777 3510 l.
799 3442 903 3528 CXl;
931 3441 988 3537 qui
1017 3467 1127 3513 rerum
1155 3442 1243 3514 ordo
1272 3461 1305 3515 ut
1328 3468 1348 3515 a

174 3565 299 3637 ceteris
314 3566 511 3638 auctoribus
541 3564 685 3637 Liuianis
716 3564 850 3636 videtur
881 3582 1033 3638 retentus
1064 3592 1152 3655 esse,
1185 3568 1230 3640 ita
1261 3569 1346 3639 miro

173 3716 311 3786 prorsus
330 3692 412 3762 loco
431 3714 545 3783 42‚22
565 3715 639 3785 sqq.
667 3714 784 3786 eoque
812 3689 926 3785 inepta
952 3717 1090 3787 prorsus
1117 3692 1248 3764 ratione
1276 3717 1345 3764 rem

174 3816 313 3912 protulit
346 3815 429 3885 Di0.
464 3813 566 3886 Unde
598 3813 819 3886 occasionem
857 3813 936 3885 mihi
972 3833 1092 3910 petere
1128 3817 1241 3904 liceat,
1279 3842 1347 3914 qua

248 4100 259 4122 ⁸
279 4101 375 4147 Nescio
393 4098 454 4159 quid
474 4098 496 4144 in
515 4098 587 4144 huius
599 4098 716 4158 epistulae
728 4101 740 4156 ξ
752 4112 764 4144 2
777 4101 851 4145 lateat
869 4099 916 4146 sub
929 4097 1019 4146 tradita
1032 4100 1054 4145 in
1067 4099 1200 4147 codicibus
1219 4101 1327 4149 lectione
1342 4116 1348 4149 ι

177 4192 357 4235 «Arruntanum
374 4202 414 4234 me
432 4187 570 4234 Catonem»
591 4199 676 4246 neque
698 4188 824 4234 bominum
848 4185 982 4234 doctorum
1010 4187 1170 4235 coniecturas
1187 4186 1271 4236 adhuc
1289 4203 1348 4248 prn-

176 4280 236 4324 latas
254 4277 425 4336 comprobare
444 4289 556 4335 possum.
586 4275 707 4321 Fortasse
731 4273 762 4320 ad
786 4275 865 4322 verba
885 4276 1095 4323 «mecmonem-
1118 4276 1279 4337 intelligenda
1297 4291 1346 4324 non

176 4368 266 4414 nullius
292 4366 409 4412 momenti
436 4373 474 4411 est
499 4367 570 4411 locus
596 4364 730 4411 Ciceronis
755 4362 786 4410 ad
809 4368 859 4411 Att.
888 4365 945 4410 XV!
976 4377 995 4421 1,
1023 4368 1046 4423 6,
1072 4379 1147 4424 quem
1166 4373 1248 4411 tamen
1266 4367 1347 4425 ipsum

167 4469 281 4515 ‘quoque
300 4453 433 4514 quomodo
451 4453 583 4512 expediam
603 4466 652 4499 non
666 4453 757 4500 habco.
