3374 5272
1335 431 1369 505 §l

202 596 385 680 pugnatum
406 597 468 671 est,
497 581 785 680 proficiscendum
806 584 878 676 erit,
901 585 990 661 unde
1009 588 1104 685 quasi
1125 608 1216 662 retro
1233 591 1375 686 gradum

204 711 352 783 serentes
371 711 413 783 ad
441 711 549 782 cladis
584 713 833 808 Dyrrhachinae
864 733 998 810 tempus
1031 715 1269 811 perveniamus
1300 715 1375 788 dili-

202 852 322 928 genter
340 835 546 931 computatis
564 853 756 932 temporum
776 838 903 933 spatiis,
924 838 1047 934 quibus
1066 840 1208 935 singulae
1222 865 1276 911 res
1291 839 1377 913 inter

204 985 334 1055 pugnas
356 960 626 1056 Dyrrhachinam
646 979 680 1032 et
702 962 931 1034 Pharsalicam
950 980 1058 1058 gestae
1078 964 1324 1036 contineantur.

281 1088 539 1180 Pugnatum‘est
552 1085 643 1181 apud
665 1087 862 1158 Pharsalum
878 1113 900 1181 q
915 1089 1006 1158 Sext.
1027 1113 1055 1159 a.
1077 1088 1123 1181 48
1139 1087 1180 1182 ’(ν,
1201 1088 1277 1160 adn.
1299 1087 1376 1184 80);

204 1207 267 1279 iam
288 1209 383 1303 quasi
402 1209 435 1280 in
455 1212 568 1282 tabula
586 1210 731 1282 adiciam
751 1211 954 1306 singularum
984 1237 1093 1283 rerum
1121 1230 1199 1284 ante
1226 1238 1374 1309 pugnam

204 1333 291 1405 illam
308 1353 479 1436 gestarum
498 1354 673 1431 tempora;
704 1336 811 1407 habes
829 1336 937 1406 enim:

273 1458 402 1554 aliquot
421 1458 505 1543 dies,
527 1459 661 1553 quibus
689 1478 869 1555 postquam
892 1459 1079 1554 Pompeius
1100 1461 1296 1532 Pharsalum
1316 1461 1377 1532 ad-

323 1584 424 1672 venit,
445 1585 565 1656 lrustra
594 1585 625 1656 ei
654 1584 826 1680 pugnandi
854 1602 1059 1680 potestatem
1088 1585 1170 1657 lecit
1193 1588 1315 1658 Caesar
1342 1606 1375 1658 et

324 1707 448 1802 quibus
468 1734 568 1779 unum
588 1724 714 1795 tantum
736 1708 894 1803 proelium
910 1726 1072 1803 equestre
1087 1710 1307 1781 commissum
1323 1728 1375 1782 est

325 1831 368 1902 cf.
390 1834 484 1904 Caes.
506 1834 543 1902 lll
563 1833 621 1925 84,
635 1854 746 1928 2-53

278 1983 290 2017 l
300 1981 430 2051 paucos
449 1957 543 2029 dies»
567 1957 691 2052 quibus
709 1975 788 2030 ante
809 1957 956 2051 Pompei
975 1956 1156 2028 adventum
1177 1958 1269 2029 solus
1283 1958 1374 2053 apud

325 2082 520 2153 Pharsalum
550 2083 672 2154 Caesar
699 2099 810 2153 castra
838 2082 986 2152 hahebat
1013 2082 1056 2152 cl.
1087 2082 1180 2154 Caes.
1202 2085 1242 2153 lll
1263 2084 1320 2166 81,
1337 2106 1373 2177 3;

324 2206 367 2275 82
390 2205 457 2276 init.

276 2355 296 2425 7
312 2329 397 2417 dies,
413 2331 546 2426 quibus,
562 2331 588 2402 si
605 2330 743 2426 quidem
759 2329 918 2425 Appiano
934 2332 959 2399 ll
976 2331 1022 2422 (³4
1036 2328 1122 2400 lides
1136 2347 1189 2401 est
1203 2329 1373 2419 habenda,

322 2481 342 2527 a
373 2456 546 2552 Gomphis
578 2458 700 2527 Caesar
732 2455 929 2526 Pharsalum
958 2453 1130 2549 pervenit;
1168 2454 1246 2525 duae
1277 2454 1373 2526 huius

323 2579 449 2652 itineris
484 2598 597 2677 partes
633 2578 884 2675 distinguendae
916 2596 1009 2650 sunt:
1051 2580 1157 2650 altera
1192 2603 1260 2674 qua
1294 2596 1372 2674 post

322 2723 497 2801 receptam
536 2705 759 2801 Metropolim
797 2704 839 2775 ad
876 2729 1019 2799 campos
1061 2703 1279 2775 Pharsalicus
1314 2704 1369 2776 ille

323 2829 494 2924 pervenit;
531 2831 627 2902 abest
655 2847 766 2901 autem
795 2828 960 2925 oppidum
990 2828 1069 2900 illud
1097 2854 1117 2900 a
1146 2830 1311 2900 Pharsalo
1339 2854 1369 2901 c.

328 2974 363 3052 35
380 2979 446 3049 mp.
465 2940 583 3026 itinere
598 2953 608 3035 l
612 2980 689 3026 usus
704 2980 775 3026 sum
791 2955 905 3026 tabula
920 2953 1112 3025 Thessaliae
1125 2952 1371 3049 geographica,

322 3103 423 3173 quam
443 3079 531 3152 libro
549 3105 612 3152 suo
634 3079 840 3152 addiderunt
870 3081 1195 3175 Heuzey-Daumet
1226 3077 1371 3149 Mission

320 3205 592 3302 arche'ologique
602 3231 644 3276 en
658 3204 880 3277 Macedoine.
904 3204 1000 3276 Paris
1017 3203 1114 3299 1876.
1132 3203 1199 3274 tab.
1210 3197 1368 3307 ξπ)

321 3329 415 3425 quod
437 3355 454 3399 2
476 3330 597 3402 diebus
616 3333 738 3403 Caesar
756 3329 945 3426 perfecisse
973 3328 1142 3424 putandus
1168 3345 1229 3399 est.
1257 3328 1373 3399 Altera

322 3478 405 3548 pars.
418 3471 471 3526 est
488 3479 530 3527 ea
548 3480 627 3552 quae
646 3455 732 3527 inter
750 3456 937 3551 Gomphos
951 3471 985 3525 et
1002 3452 1226 3549 Metropolim
1242 3451 1373 3548 oppida

322 3577 512 3669 intercedit,
533 3580 595 3653 iter
613 3605 643 3652 c.
671 3605 709 3650 12
730 3605 810 3676 mp.‚
830 3579 861 3649 in
882 3605 952 3675 quo
972 3605 1072 3649 unum
1092 3577 1184 3650 diem
1209 3578 1264 3649 ille
1286 3602 1371 3650 con-

322 3704 472 3799 sumpsit.
503 3704 641 3804 Quodsi
659 3704 815 3777 addimus
833 3721 980 3799 tempus,
1008 3702 1103 3799 quod
1130 3719 1208 3774 ante
1237 3706 1371 3774 Metro·

321 3828 425 3924 polim
445 3832 567 3903 Caesar
585 3847 817 3901 commoratus
834 3845 897 3916 est,
920 3846 954 3900 et
974 3854 1074 3899 unum
1095 3829 1239 3899 fortasse
1266 3826 1369 3914 diem,

320 3978 423 4048 quem
452 3954 643 4026 intermisso
672 3953 791 4025 itinere
827 3953 932 4048 quieti
969 3951 1037 4023 dux
1069 3951 1254 4038 concessit,
1290 3951 1370 4022 satis

320 4097 415 4152 recte
442 4105 519 4152 sese
547 4079 673 4151 habent
701 4106 721 4176 7
751 4078 825 4150 dies
851 4077 895 4149 de
922 4077 1045 4172 quihus
1072 4075 1247 4172 Appianus
1274 4074 1367 4146 dicit.

320 4207 485 4277 Ceterum
505 4204 550 4276 de
568 4221 642 4275 toto
662 4203 781 4274 itinere
801 4203 844 4273 cl.
866 4203 960 4274 Caes.
982 4203 1022 4272 lll
1043 4201 1090 4270 80
1110 4202 1178 4294 sq.*

272 4487 332 4535 *cl
353 4454 476 4533 Colerum
494 4502 518 4548 p.
542 4499 584 4546 147
603 4501 641 4546 sq.
