3374 5272
1381 428 1428 496 49

253 614 418 686 rationem
447 637 525 683 cum
553 601 721 684 sententia
747 636 847 707 quam
876 635 977 707 supra
1005 609 1168 706 proposui
1195 609 1325 705 optime
1344 634 1428 681 con-

252 736 397 809 venire*

292 874 322 925 75
344 860 387 931 cl.
409 834 502 931 Cas.
526 861 565 930 lll
590 884 694 952 34‚1;
720 883 777 953 393
798 885 854 952 40.

293 981 326 1045 76
346 984 389 1056 cl.
410 983 453 1056 ad
473 984 550 1055 lam.
571 985 654 1054 XlV
674 985 695 1053 8
713 1001 797 1055 extr.
827 987 897 1055 «D.
918 987 973 1055 llll
995 985 1087 1056 Non,
1114 985 1212 1052 lun.»
1245 985 1339 1080 Quae
1366 982 1429 1054 sint

255 1107 407 1180 Caesaris
426 1106 546 1179 litterae
566 1107 643 1193 illae,
664 1106 708 1178 de
728 1105 851 1201 quibus
870 1107 1003 1178 Cicero
1021 1105 1149 1184 scribit,
1170 1106 1355 1178 dolendum
1376 1124 1427 1178 est

256 1232 351 1328 quod
379 1231 548 1304 nescimus
577 1257 641 1303 nec
669 1231 700 1302 in
729 1258 765 1304 re
792 1249 858 1303 tam
888 1231 1018 1303 incerta
1037 1231 1254 1302 coniecturas
1272 1231 1428 1325 prolerre

256 1357 370 1428 ausim.

293 1493 324 1542 77
343 1482 455 1577 Vulgo
482 1479 524 1551 ad
553 1505 705 1551 mensem
735 1478 864 1549 Maium
898 1481 986 1550 hanc
1021 1479 1217 1551 Dolabellae
1248 1479 1425 1575 epistulam

254 1606 402 1677 'relerunt
421 1606 459 1693 (u.
481 1603 560 1675 edd.
581 1621 614 1674 et
631 1602 936 1698 Wegehauptium
964 1604 1149 1675 Dolabella
1168 1630 1199 1700 p.
1221 1607 1243 1671 ll
1261 1603 1337 1675 adn.
1359 1602 1426 1699 ol*

253 1747 356 1826 atque
375 1754 458 1799 vero
478 1728 564 1798 inter
582 1727 728 1798 mediam
744 1727 959 1799 obsidionem
979 1727 1262 1823 Dyrrhachinam,
1282 1728 1428 1800 circum-

254 1855 377 1924 vallato
397 1852 461 1923 iam
484 1852 655 1948 Pompeio
674 1877 748 1923 eam
770 1853 930 1948 scriptam
950 1878 1028 1924 esse
1047 1869 1176 1923 certum
1196 1870 1258 1939 est,
1287 1852 1331 1923 cl.
1354 1852 1372 1938 ξ
1396 1877 1424 1922 2.

258 1975 397 2048 Deinde
425 1977 467 2048 ad
494 1971 631 2073 tempus
649 1977 722 2049 eius
750 1976 980 2049 deliniendum
1010 1976 1129 2048 nescio
1147 2001 1188 2048 an
1209 1977 1359 2048 iuvemur
1378 1975 1426 2064 iis,

256 2128 333 2196 quae
353 2101 397 2172 de
416 2102 591 2174 Terentiae
609 2102 803 2175 valetudine
825 2103 1011 2174 Dolabella
1029 2095 1196 2173 Ciceroni
1218 2101 1345 2174 nuntiat
1365 2102 1383 2190 ξ
1412 2127 1418 2170 1

256 2225 323 2297 init.
357 2227 541 2299 «Terentia
560 2226 668 2298 minus
688 2229 777 2298 belle
797 2226 913 2299 habuit
935 2226 996 2298 sed
1016 2244 1145 2298 certum
1166 2226 1239 2298 scio
1259 2225 1322 2297 iam
1343 2251 1427 2297 con-

255 2350 400 2421 valuisse
416 2375 526 2422 eamr.
558 2353 647 2422 Nam
667 2351 694 2422 si
714 2350 853 2447 quidem
874 2377 940 2421 non
960 2350 1092 2422 videtur
1109 2349 1272 2423 audacius
1290 2376 1368 2422 esse
1395 2350 1425 2420 in

257 2475 321 2545 hac
352 2500 387 2546 re
419 2493 652 2570 argumentum
685 2493 805 2571 petere
836 2501 856 2546 e
887 2474 1033 2561 silentio
1073 2476 1269 2547 Dolabellae
1301 2475 1427 2547 litteras

254 2599 420 2670 Ciceroni
449 2600 599 2671 nondum
626 2601 756 2673 adlatas
775 2600 879 2672 luisse
897 2600 966 2671 veri
986 2600 1094 2671 simile
1113 2617 1175 2687 est,
1196 2625 1273 2670 cum
1293 2600 1336 2671 ad
1355 2602 1426 2670 Te-

254 2723 392 2795 rentiam
423 2724 478 2795 ille
506 2724 601 2796 dedit
627 2750 683 2820 ep.
714 2724 790 2796 lam.
811 2727 894 2795 XlV
921 2726 961 2805 ὃς
991 2724 1023 2795 in
1051 2751 1119 2820 qua
1146 2724 1225 2795 nihil
1245 2723 1362 2795 scribit
1381 2724 1425 2796 de

254 2850 334 2919 laeto
353 2849 409 2919 illo
427 2849 545 2944 generi
565 2849 691 2920 nuntio.

328 2972 466 3071 Quodsi
487 2975 574 3045 hanc
593 2975 795 3046 sententiam
815 2977 1035 3070 comprobas,
1060 3000 1126 3044 non
1146 2992 1225 3046 ante
1243 2990 1424 3045 exeuntem

255 3124 405 3170 mensem
428 3098 557 3170 Maium
578 3099 698 3171 litterae
717 3125 736 3170 a
753 3101 939 3172 Dolabella
957 3100 1047 3173 datae
1067 3099 1314 3198 suntjisenim
1334 3098 1425 3194 apud

255 3224 432 3295 Caesarem
444 3240 524 3296 tunc
536 3224 594 3295 luit
606 3225 637 3294 in
649 3224 827 3313 castris,***
847 3225 937 3297 unde
952 3224 1071 3320 paucis
1089 3224 1211 3324 diebus
1229 3223 1350 3296 litterae
1364 3221 1426 3295 Ci-

255 3353 370 3418 ceroni
390 3350 501 3420 allatae
520 3373 598 3420 esse
617 3348 777 3445 putandae
797 3368 882 3422 sunt.
1122 3332 1125 3339 .

329 3544 338 3563 *
359 3541 417 3586 Non
435 3549 472 3587 est
492 3554 537 3588 cur
554 3542 684 3602 copiosius
702 3542 853 3602 redarguam
871 3543 1031 3590 artificiosam
1050 3542 1138 3590 Giileri
1157 3543 1328 3589 coniecturam
1352 3556 1377 3602 p.
1394 3543 1422 3599 83

252 3629 310 3676 adn.
332 3643 342 3674 2
361 3630 404 3689 qui
424 3639 558 3689 «quattuor
576 3646 649 3692 paene
675 3646 799 3682 menses».
819 3632 963 3692 dequibus
991 3633 1127 3680 Suetonius
1153 3631 1220 3689 dicit,
1242 3646 1290 3678 non
1308 3631 1339 3678 ad
1358 3633 1426 3679 obsi·

252 3717 353 3765 dionem
374 3719 581 3779 Dyrrhachinam,
600 3721 646 3767 sed
664 3719 696 3766 ad
714 3728 795 3767 castra
812 3720 879 3780 apud
897 3725 992 3781 Apsum
1012 3722 1096 3768 habita
1114 3720 1266 3768 referendos
1292 3735 1350 3768 esse
1366 3734 1425 3768 cen-

252 3804 307 3855 suit.
328 3808 411 3868 Quam
429 3809 578 3855 sententiam
595 3809 614 3855 si
633 3810 689 3868 quis
713 3810 894 3868 comprobarit,
922 3818 974 3856 tres
998 3823 1099 3856 menses
1125 3810 1269 3870 Scipionem
1295 3811 1316 3855 in
1336 3809 1424 3857 itinere

252 3894 440 3955 consumpsisse
458 3904 550 3944 statuat
576 3911 683 3944 necesse
708 3906 754 3955 est,
783 3912 824 3944 res
841 3906 925 3945 autem
951 3911 1047 3956 omnes,
1075 3912 1134 3958 quae
1152 3898 1219 3958 apud
1240 3900 1423 3960 Dyrrhachium

253 3993 331 4043 gestae
349 3994 414 4043 sunt,
432 3985 471 4032 vix
487 3984 596 4032 duorum
615 3986 735 4032 meusium
753 3986 836 4045 spatio
853 3995 960 4047 angusto
978 3988 1110 4034 contineri.

318 4079 342 4098 **
362 4076 438 4121 Nullo
456 4073 533 4122 modo
551 4085 669 4122 constare
687 4084 772 4135 potest
792 4076 925 4123 Hofmanni
943 4079 1068 4124 sententia
1085 4079 1106 4123 in
1125 4079 1288 4138 epistularum
1313 4079 1425 4126 selectus

252 4161 364 4208 editione
382 4172 471 4222 quarta
485 4165 584 4223 prolata
601 4164 631 4210 ad
662 4165 724 4209 hanc
750 4163 900 4227 epistulam:
926 4167 967 4224 qui
986 4166 1019 4212 de
1037 4175 1152 4213 extremo
1171 4180 1257 4212 mense
1272 4165 1348 4212 lunio
1366 4179 1425 4226 pro·

252 4251 320 4297 lecto
346 4265 394 4298 non
422 4252 567 4311 cogitasset,
594 4253 638 4298 nisi
665 4266 800 4313 perperam
832 4267 913 4314 usque
938 4254 969 4300 ad
996 4263 1130 4302 exeuntem
1156 4269 1267 4301 mensem
1285 4255 1423 4313 Quintilem

253 4340 404 4400 Pompeium
432 4341 499 4400 apud
530 4342 714 4402 Dyrrhachium
743 4341 878 4388 obsessum
907 4356 965 4390 esse
994 4351 1137 4402 statueret;
1165 4359 1187 4390 r.
1219 4342 1279 4390 inira
1307 4343 1364 4389 adn.
1394 4356 1423 4402 70

253 4445 277 4490 Ρ·
299 4441 324 4487 53
343 4443 381 4489 sq·

296 4526 336 4544 '⁶‘
359 4520 449 4567 Mirum
468 4528 506 4567 est
522 4522 664 4569 etiamnunc
682 4535 739 4567 csse
758 4521 800 4580 qui
820 4523 908 4569 Romae
934 4531 1042 4570 statuant
1068 4534 1127 4570 tuuc
1155 4523 1313 4570 Dolabellam
1340 4537 1424 4571 versa·

1303 4643 1317 4688 4
