<?xml version="1.0" encoding="UTF-8"?>
<!DOCTYPE html PUBLIC "-//W3C//DTD XHTML 1.0 Transitional//EN"
    "http://www.w3.org/TR/xhtml1/DTD/xhtml1-transitional.dtd">
<html xmlns="http://www.w3.org/1999/xhtml" xml:lang="en" lang="en">
 <head>
  <title>
</title>
<meta http-equiv="Content-Type" content="text/html;charset=utf-8" />
  <meta name='ocr-system' content='tesseract 3.04.00' />
  <meta name='ocr-capabilities' content='ocr_page ocr_carea ocr_par ocr_line ocrx_word'/>
</head>
<body>
  <div class='ocr_page' id='page_1' title='image "./ephemeridestull00ziehgoog_0039.png"; bbox 0 0 3374 5272; ppageno 0'>
   <div class='ocr_carea' id='block_1_1' title="bbox 0 1762 3 2415">
    <p class='ocr_par' dir='ltr' id='par_1_1' title="bbox 0 1762 3 2415">
     <span class='ocr_line' id='line_1_1' title="bbox 0 1762 3 2415; baseline 0 0"><span class='ocrx_word' id='word_1_1' title='bbox 0 1762 3 2415; x_wconf 95' lang='lat' dir='ltr'><strong> </strong></span> 
     </span>
    </p>
   </div>
   <div class='ocr_carea' id='block_1_2' title="bbox 399 465 440 534">
    <p class='ocr_par' dir='ltr' id='par_1_2' title="bbox 399 465 440 534">
     <span class='ocr_line' id='line_1_2' title="bbox 399 465 440 534; baseline -0.024 0"><span class='ocrx_word' id='word_1_2' title='bbox 399 465 440 534; x_wconf 78' lang='lat'><strong>34</strong></span> 
     </span>
    </p>
   </div>
   <div class='ocr_carea' id='block_1_3' title="bbox 395 640 1592 4477">
    <p class='ocr_par' dir='ltr' id='par_1_3' title="bbox 395 640 1579 2236">
     <span class='ocr_line' id='line_1_3' title="bbox 395 640 1574 741; baseline 0.002 -27"><span class='ocrx_word' id='word_1_3' title='bbox 395 642 440 714; x_wconf 88' lang='lat' dir='ltr'><strong>de</strong></span> <span class='ocrx_word' id='word_1_4' title='bbox 459 668 530 738; x_wconf 89' lang='lat' dir='ltr'><strong>quo</strong></span> <span class='ocrx_word' id='word_1_5' title='bbox 548 669 574 713; x_wconf 78' lang='lat' dir='ltr'><strong>u.</strong></span> <span class='ocrx_word' id='word_1_6' title='bbox 595 640 728 715; x_wconf 72' lang='lat' dir='ltr'><strong>Sternit.</strong></span> <span class='ocrx_word' id='word_1_7' title='bbox 758 669 790 738; x_wconf 88' lang='lat' dir='ltr'><strong>p.</strong></span> <span class='ocrx_word' id='word_1_8' title='bbox 812 646 857 735; x_wconf 71' lang='lat' dir='ltr'><strong>(to</strong></span> <span class='ocrx_word' id='word_1_9' title='bbox 876 642 917 715; x_wconf 91' lang='lat' dir='ltr'><strong>al.</strong></span> <span class='ocrx_word' id='word_1_10' title='bbox 939 644 1090 740; x_wconf 85' lang='lat' dir='ltr'>Epistula</span> <span class='ocrx_word' id='word_1_11' title='bbox 1109 644 1244 716; x_wconf 90' lang='lat' dir='ltr'><strong>videtur</strong></span> <span class='ocrx_word' id='word_1_12' title='bbox 1263 647 1365 741; x_wconf 92' lang='lat' dir='ltr'><strong>paulo</strong></span> <span class='ocrx_word' id='word_1_13' title='bbox 1388 662 1467 717; x_wconf 85' lang='lat' dir='ltr'><strong>ante</strong></span> <span class='ocrx_word' id='word_1_14' title='bbox 1495 671 1574 741; x_wconf 91' lang='lat' dir='ltr'><strong>pro·</strong></span> 
     </span>
     <span class='ocr_line' id='line_1_4' title="bbox 397 767 1573 864; baseline 0.001 -26"><span class='ocrx_word' id='word_1_15' title='bbox 397 767 582 839; x_wconf 81' lang='lat' dir='ltr'><strong>sectionem</strong></span> <span class='ocrx_word' id='word_1_16' title='bbox 604 768 683 840; x_wconf 89' lang='lat' dir='ltr'><strong>data</strong></span> <span class='ocrx_word' id='word_1_17' title='bbox 701 793 795 840; x_wconf 89' lang='lat' dir='ltr'><strong>esse:</strong></span> <span class='ocrx_word' id='word_1_18' title='bbox 818 767 1000 845; x_wconf 77' lang='lat' dir='ltr'><strong>ltexcurro</strong></span> <span class='ocrx_word' id='word_1_19' title='bbox 1020 769 1050 839; x_wconf 94' lang='lat' dir='ltr'><strong>in</strong></span> <span class='ocrx_word' id='word_1_20' title='bbox 1083 769 1367 864; x_wconf 80' lang='lat' dir='ltr'><strong>Pompeianum»,</strong></span> <span class='ocrx_word' id='word_1_21' title='bbox 1396 796 1462 840; x_wconf 89' lang='lat' dir='ltr'><strong>non</strong></span> <span class='ocrx_word' id='word_1_22' title='bbox 1494 796 1573 840; x_wconf 79' lang='lat' dir='ltr'><strong>«ex-</strong></span> 
     </span>
     <span class='ocr_line' id='line_1_5' title="bbox 396 892 1571 990; baseline 0 -26"><span class='ocrx_word' id='word_1_23' title='bbox 396 903 575 986; x_wconf 80' lang='lat' dir='ltr'><strong>curramn).</strong></span> <span class='ocrx_word' id='word_1_24' title='bbox 599 896 663 963; x_wconf 91' lang='lat' dir='ltr'><strong>lter</strong></span> <span class='ocrx_word' id='word_1_25' title='bbox 681 909 753 965; x_wconf 88' lang='lat' dir='ltr'><strong>erat</strong></span> <span class='ocrx_word' id='word_1_26' title='bbox 772 892 892 964; x_wconf 93' lang='lat' dir='ltr'><strong>Cumis</strong></span> <span class='ocrx_word' id='word_1_27' title='bbox 915 893 1102 990; x_wconf 81' lang='lat' dir='ltr'><strong>Pompeios</strong></span> <span class='ocrx_word' id='word_1_28' title='bbox 1123 919 1230 989; x_wconf 89' lang='lat' dir='ltr'><strong>usque</strong></span> <span class='ocrx_word' id='word_1_29' title='bbox 1255 920 1290 984; x_wconf 70' lang='lat'><strong>33</strong></span> <span class='ocrx_word' id='word_1_30' title='bbox 1315 919 1381 990; x_wconf 86' lang='lat' dir='ltr'><strong>mp.</strong></span> <span class='ocrx_word' id='word_1_31' title='bbox 1411 894 1454 965; x_wconf 88' lang='lat' dir='ltr'><strong>cl.</strong></span> <span class='ocrx_word' id='word_1_32' title='bbox 1485 895 1571 965; x_wconf 87' lang='lat' dir='ltr'><strong>Tab.</strong></span> 
     </span>
     <span class='ocr_line' id='line_1_6' title="bbox 399 1017 1572 1116; baseline 0 -28"><span class='ocrx_word' id='word_1_33' title='bbox 399 1021 496 1089; x_wconf 83' lang='lat' dir='ltr'><strong>Peut.</strong></span> <span class='ocrx_word' id='word_1_34' title='bbox 519 1044 550 1114; x_wconf 90' lang='lat' dir='ltr'><strong>p.</strong></span> <span class='ocrx_word' id='word_1_35' title='bbox 574 1043 635 1088; x_wconf 83' lang='lat'><strong>221</strong></span> <span class='ocrx_word' id='word_1_36' title='bbox 662 1043 693 1114; x_wconf 89' lang='lat' dir='ltr'><strong>p.</strong></span> <span class='ocrx_word' id='word_1_37' title='bbox 720 1039 783 1116; x_wconf 74' lang='lat'><strong>225</strong></span> <span class='ocrx_word' id='word_1_38' title='bbox 812 1017 866 1089; x_wconf 90' lang='lat' dir='ltr'><strong>ed.</strong></span> <span class='ocrx_word' id='word_1_39' title='bbox 900 1017 1111 1107; x_wconf 81' lang='lat' dir='ltr'><strong>Desjardins.</strong></span> <span class='ocrx_word' id='word_1_40' title='bbox 1143 1017 1212 1088; x_wconf 86' lang='lat' dir='ltr'><strong>ltin.</strong></span> <span class='ocrx_word' id='word_1_41' title='bbox 1242 1017 1399 1088; x_wconf 79' lang='lat' dir='ltr'><strong>Antonin.</strong></span> <span class='ocrx_word' id='word_1_42' title='bbox 1431 1044 1461 1115; x_wconf 93' lang='lat' dir='ltr'><strong>p.</strong></span> <span class='ocrx_word' id='word_1_43' title='bbox 1499 1043 1572 1106; x_wconf 78' lang='lat'><strong>¹23·</strong></span> 
     </span>
     <span class='ocr_line' id='line_1_7' title="bbox 397 1143 1574 1239; baseline 0.001 -25"><span class='ocrx_word' id='word_1_44' title='bbox 397 1145 558 1225; x_wconf 84' lang='lat' dir='ltr'>Causam,</span> <span class='ocrx_word' id='word_1_45' title='bbox 579 1169 647 1239; x_wconf 89' lang='lat' dir='ltr'><strong>qua</strong></span> <span class='ocrx_word' id='word_1_46' title='bbox 664 1159 858 1215; x_wconf 91' lang='lat' dir='ltr'><strong>commotus</strong></span> <span class='ocrx_word' id='word_1_47' title='bbox 879 1143 1067 1239; x_wconf 83' lang='lat' dir='ltr'><strong>Pompeios</strong></span> <span class='ocrx_word' id='word_1_48' title='bbox 1085 1170 1122 1215; x_wconf 87' lang='lat' dir='ltr'><strong>se</strong></span> <span class='ocrx_word' id='word_1_49' title='bbox 1141 1143 1334 1225; x_wconf 77' lang='lat' dir='ltr'><strong>contulerit,</strong></span> <span class='ocrx_word' id='word_1_50' title='bbox 1355 1143 1428 1238; x_wconf 92' lang='lat' dir='ltr'><strong>ipse</strong></span> <span class='ocrx_word' id='word_1_51' title='bbox 1443 1143 1574 1215; x_wconf 91' lang='lat' dir='ltr'><strong>Cicero</strong></span> 
     </span>
     <span class='ocr_line' id='line_1_8' title="bbox 397 1266 1576 1363; baseline -0.001 -25"><span class='ocrx_word' id='word_1_52' title='bbox 397 1267 539 1362; x_wconf 89' lang='lat' dir='ltr'><strong>exponit</strong></span> <span class='ocrx_word' id='word_1_53' title='bbox 566 1267 608 1338; x_wconf 93' lang='lat' dir='ltr'><strong>ad</strong></span> <span class='ocrx_word' id='word_1_54' title='bbox 628 1270 693 1338; x_wconf 83' lang='lat' dir='ltr'><strong>Att.</strong></span> <span class='ocrx_word' id='word_1_55' title='bbox 716 1270 749 1336; x_wconf 84' lang='lat' dir='ltr'><strong>X</strong></span> <span class='ocrx_word' id='word_1_56' title='bbox 777 1268 879 1354; x_wconf 62' lang='lat' dir='ltr'><strong>tot:</strong></span> <span class='ocrx_word' id='word_1_57' title='bbox 905 1284 960 1338; x_wconf 81' lang='lat' dir='ltr'><strong>rut</strong></span> <span class='ocrx_word' id='word_1_58' title='bbox 988 1268 1173 1338; x_wconf 91' lang='lat' dir='ltr'><strong>minuerem</strong></span> <span class='ocrx_word' id='word_1_59' title='bbox 1201 1266 1432 1363; x_wconf 84' lang='lat' dir='ltr'><strong>suspicionem</strong></span> <span class='ocrx_word' id='word_1_60' title='bbox 1461 1268 1541 1363; x_wconf 89' lang='lat' dir='ltr'><strong>prol</strong></span> <span class='ocrx_word' id='word_1_61' title='bbox 1562 1309 1576 1318; x_wconf 97' lang='lat'>-</span> 
     </span>
     <span class='ocr_line' id='line_1_9' title="bbox 398 1390 1576 1487; baseline 0 -26"><span class='ocrx_word' id='word_1_62' title='bbox 398 1390 521 1463; x_wconf 88' lang='lat' dir='ltr'><strong>ctionis</strong></span> <span class='ocrx_word' id='word_1_63' title='bbox 539 1408 596 1462; x_wconf 95' lang='lat' dir='ltr'><strong>aut</strong></span> <span class='ocrx_word' id='word_1_64' title='bbox 615 1390 833 1486; x_wconf 86' lang='lat' dir='ltr'><strong>cogitationis</strong></span> <span class='ocrx_word' id='word_1_65' title='bbox 848 1396 960 1463; x_wconf 72' lang='lat' dir='ltr'><strong>meae?</strong></span> <span class='ocrx_word' id='word_1_66' title='bbox 982 1394 1039 1462; x_wconf 88' lang='lat' dir='ltr'><strong>De</strong></span> <span class='ocrx_word' id='word_1_67' title='bbox 1059 1394 1227 1463; x_wconf 90' lang='lat' dir='ltr'><strong>Cumanae</strong></span> <span class='ocrx_word' id='word_1_68' title='bbox 1247 1391 1395 1487; x_wconf 86' lang='lat' dir='ltr'><strong>regionis</strong></span> <span class='ocrx_word' id='word_1_69' title='bbox 1415 1391 1576 1486; x_wconf 80' lang='lat' dir='ltr'><strong>frequen-</strong></span> 
     </span>
     <span class='ocr_line' id='line_1_10' title="bbox 399 1514 1576 1610; baseline 0.001 -25"><span class='ocrx_word' id='word_1_70' title='bbox 399 1514 444 1587; x_wconf 92' lang='lat' dir='ltr'><strong>tia</strong></span> <span class='ocrx_word' id='word_1_71' title='bbox 461 1515 587 1610; x_wconf 88' lang='lat' dir='ltr'><strong>saepius</strong></span> <span class='ocrx_word' id='word_1_72' title='bbox 606 1514 737 1587; x_wconf 90' lang='lat' dir='ltr'><strong>Cicero</strong></span> <span class='ocrx_word' id='word_1_73' title='bbox 765 1515 973 1587; x_wconf 86' lang='lat' dir='ltr'><strong>mentionem</strong></span> <span class='ocrx_word' id='word_1_74' title='bbox 1002 1515 1096 1587; x_wconf 87' lang='lat' dir='ltr'><strong>inicit</strong></span> <span class='ocrx_word' id='word_1_75' title='bbox 1120 1516 1163 1588; x_wconf 86' lang='lat' dir='ltr'><strong>cl.</strong></span> <span class='ocrx_word' id='word_1_76' title='bbox 1185 1516 1228 1588; x_wconf 90' lang='lat' dir='ltr'><strong>ad</strong></span> <span class='ocrx_word' id='word_1_77' title='bbox 1248 1519 1314 1586; x_wconf 83' lang='lat' dir='ltr'><strong>nu.</strong></span> <span class='ocrx_word' id='word_1_78' title='bbox 1334 1518 1364 1585; x_wconf 87' lang='lat' dir='ltr'>V</span> <span class='ocrx_word' id='word_1_79' title='bbox 1386 1541 1416 1599; x_wconf 83' lang='lat'><strong>2,</strong></span> <span class='ocrx_word' id='word_1_80' title='bbox 1432 1538 1469 1599; x_wconf 77' lang='lat'><strong>23</strong></span> <span class='ocrx_word' id='word_1_81' title='bbox 1495 1518 1576 1586; x_wconf 84' lang='lat' dir='ltr'><strong>XlV</strong></span> 
     </span>
     <span class='ocr_line' id='line_1_11' title="bbox 406 1640 1576 1737; baseline 0.002 -28"><span class='ocrx_word' id='word_1_82' title='bbox 406 1642 457 1724; x_wconf 74' lang='lat' dir='ltr'><strong>ro,</strong></span> <span class='ocrx_word' id='word_1_83' title='bbox 476 1666 500 1710; x_wconf 89' lang='lat'><strong>1.</strong></span> <span class='ocrx_word' id='word_1_84' title='bbox 537 1642 666 1712; x_wconf 85' lang='lat' dir='ltr'><strong>Notatu</strong></span> <span class='ocrx_word' id='word_1_85' title='bbox 687 1640 830 1712; x_wconf 83' lang='lat' dir='ltr'><strong>sortasse</strong></span> <span class='ocrx_word' id='word_1_86' title='bbox 858 1640 995 1735; x_wconf 92' lang='lat' dir='ltr'><strong>dignum</strong></span> <span class='ocrx_word' id='word_1_87' title='bbox 1024 1657 1086 1728; x_wconf 84' lang='lat' dir='ltr'><strong>est,</strong></span> <span class='ocrx_word' id='word_1_88' title='bbox 1115 1640 1209 1737; x_wconf 90' lang='lat' dir='ltr'><strong>quod</strong></span> <span class='ocrx_word' id='word_1_89' title='bbox 1236 1666 1326 1711; x_wconf 93' lang='lat' dir='ltr'><strong>anno</strong></span> <span class='ocrx_word' id='word_1_90' title='bbox 1353 1666 1409 1733; x_wconf 83' lang='grc'><strong>44,</strong></span> <span class='ocrx_word' id='word_1_91' title='bbox 1439 1666 1515 1712; x_wconf 90' lang='lat' dir='ltr'><strong>cum</strong></span> <span class='ocrx_word' id='word_1_92' title='bbox 1545 1640 1576 1711; x_wconf 92' lang='lat' dir='ltr'><strong>in</strong></span> 
     </span>
     <span class='ocr_line' id='line_1_12' title="bbox 400 1763 1578 1837; baseline 0.001 -1"><span class='ocrx_word' id='word_1_93' title='bbox 400 1763 615 1836; x_wconf 83' lang='lat' dir='ltr'><strong>dubitatione</strong></span> <span class='ocrx_word' id='word_1_94' title='bbox 642 1763 730 1835; x_wconf 88' lang='lat' dir='ltr'><strong>haud</strong></span> <span class='ocrx_word' id='word_1_95' title='bbox 759 1763 910 1836; x_wconf 84' lang='lat' dir='ltr'><strong>dissimili</strong></span> <span class='ocrx_word' id='word_1_96' title='bbox 929 1781 1119 1837; x_wconf 89' lang='lat' dir='ltr'><strong>versaretur</strong></span> <span class='ocrx_word' id='word_1_97' title='bbox 1138 1808 1179 1814; x_wconf 88' lang='lat'>—</span> <span class='ocrx_word' id='word_1_98' title='bbox 1203 1764 1419 1837; x_wconf 87' lang='lat' dir='ltr'><strong>intercedunt</strong></span> <span class='ocrx_word' id='word_1_99' title='bbox 1436 1765 1578 1837; x_wconf 94' lang='lat' dir='ltr'><strong>omnino</strong></span> 
     </span>
     <span class='ocr_line' id='line_1_13' title="bbox 399 1889 1579 1985; baseline 0 -25"><span class='ocrx_word' id='word_1_100' title='bbox 399 1891 597 1984; x_wconf 84' lang='lat' dir='ltr'><strong>complures</strong></span> <span class='ocrx_word' id='word_1_101' title='bbox 616 1889 701 1961; x_wconf 91' lang='lat' dir='ltr'><strong>inter</strong></span> <span class='ocrx_word' id='word_1_102' title='bbox 721 1916 774 1962; x_wconf 92' lang='lat' dir='ltr'><strong>res</strong></span> <span class='ocrx_word' id='word_1_103' title='bbox 792 1906 826 1962; x_wconf 91' lang='lat' dir='ltr'><strong>et</strong></span> <span class='ocrx_word' id='word_1_104' title='bbox 845 1915 873 1961; x_wconf 89' lang='lat' dir='ltr'><strong>a.</strong></span> <span class='ocrx_word' id='word_1_105' title='bbox 895 1917 941 1984; x_wconf 68' lang='grc'><strong>49</strong></span> <span class='ocrx_word' id='word_1_106' title='bbox 960 1907 994 1962; x_wconf 89' lang='lat' dir='ltr'><strong>et</strong></span> <span class='ocrx_word' id='word_1_107' title='bbox 1013 1916 1041 1961; x_wconf 91' lang='lat' dir='ltr'><strong>a.</strong></span> <span class='ocrx_word' id='word_1_108' title='bbox 1063 1916 1109 1984; x_wconf 90' lang='grc'><strong>44</strong></span> <span class='ocrx_word' id='word_1_109' title='bbox 1127 1916 1147 1962; x_wconf 90' lang='lat' dir='ltr'><strong>a</strong></span> <span class='ocrx_word' id='word_1_110' title='bbox 1165 1890 1341 1962; x_wconf 84' lang='lat' dir='ltr'><strong>Cicerone</strong></span> <span class='ocrx_word' id='word_1_111' title='bbox 1359 1907 1474 1985; x_wconf 89' lang='lat' dir='ltr'><strong>gestas</strong></span> <span class='ocrx_word' id='word_1_112' title='bbox 1487 1890 1579 1962; x_wconf 92' lang='lat' dir='ltr'><strong>simi-</strong></span> 
     </span>
     <span class='ocr_line' id='line_1_14' title="bbox 400 2012 1579 2111; baseline 0.003 -28"><span class='ocrx_word' id='word_1_113' title='bbox 400 2012 559 2086; x_wconf 91' lang='lat' dir='ltr'><strong>litudines</strong></span> <span class='ocrx_word' id='word_1_114' title='bbox 579 2056 635 2101; x_wconf 89' lang='lat'><strong>—‚</strong></span> <span class='ocrx_word' id='word_1_115' title='bbox 655 2014 786 2086; x_wconf 90' lang='lat' dir='ltr'><strong>Cicero</strong></span> <span class='ocrx_word' id='word_1_116' title='bbox 805 2014 835 2084; x_wconf 93' lang='lat' dir='ltr'><strong>in</strong></span> <span class='ocrx_word' id='word_1_117' title='bbox 866 2015 1114 2110; x_wconf 84' lang='lat' dir='ltr'><strong>Pompeianum</strong></span> <span class='ocrx_word' id='word_1_118' title='bbox 1143 2041 1219 2088; x_wconf 91' lang='lat' dir='ltr'><strong>sese</strong></span> <span class='ocrx_word' id='word_1_119' title='bbox 1248 2040 1434 2111; x_wconf 91' lang='lat' dir='ltr'><strong>properare</strong></span> <span class='ocrx_word' id='word_1_120' title='bbox 1461 2014 1579 2087; x_wconf 86' lang='lat' dir='ltr'><strong>scribit</strong></span> 
     </span>
     <span class='ocr_line' id='line_1_15' title="bbox 400 2138 1575 2236; baseline -0.002 -27"><span class='ocrx_word' id='word_1_121' title='bbox 400 2138 443 2210; x_wconf 90' lang='lat' dir='ltr'><strong>ad</strong></span> <span class='ocrx_word' id='word_1_122' title='bbox 463 2142 528 2208; x_wconf 83' lang='lat' dir='ltr'><strong>nn.</strong></span> <span class='ocrx_word' id='word_1_123' title='bbox 549 2141 616 2208; x_wconf 83' lang='lat' dir='ltr'><strong>XV</strong></span> <span class='ocrx_word' id='word_1_124' title='bbox 647 2165 697 2232; x_wconf 77' lang='lat'><strong>13,</strong></span> <span class='ocrx_word' id='word_1_125' title='bbox 710 2141 742 2227; x_wconf 77' lang='lat' dir='ltr'><strong>o,</strong></span> <span class='ocrx_word' id='word_1_126' title='bbox 767 2140 860 2234; x_wconf 90' lang='lat' dir='ltr'><strong>quod</strong></span> <span class='ocrx_word' id='word_1_127' title='bbox 884 2139 1177 2236; x_wconf 85' lang='lat' dir='ltr'><strong>«interpellatores</strong></span> <span class='ocrx_word' id='word_1_128' title='bbox 1196 2139 1263 2213; x_wconf 93' lang='lat' dir='ltr'><strong>illic</strong></span> <span class='ocrx_word' id='word_1_129' title='bbox 1282 2141 1390 2213; x_wconf 92' lang='lat' dir='ltr'><strong>minus</strong></span> <span class='ocrx_word' id='word_1_130' title='bbox 1409 2140 1575 2212; x_wconf 74' lang='lat' dir='ltr'><strong>molesti.»</strong></span> 
     </span>
    </p>

    <p class='ocr_par' dir='ltr' id='par_1_4' title="bbox 440 2265 712 2356">
     <span class='ocr_line' id='line_1_16' title="bbox 440 2265 712 2356; baseline 0.007 -23"><span class='ocrx_word' id='word_1_131' title='bbox 440 2274 474 2333; x_wconf 85' lang='grc'><strong>49</strong></span> <span class='ocrx_word' id='word_1_132' title='bbox 493 2265 536 2338; x_wconf 88' lang='lat' dir='ltr'><strong>cl.</strong></span> <span class='ocrx_word' id='word_1_133' title='bbox 558 2267 592 2334; x_wconf 86' lang='lat' dir='ltr'><strong>X</strong></span> <span class='ocrx_word' id='word_1_134' title='bbox 620 2266 712 2356; x_wconf 79' lang='lat'><strong>16‚4.</strong></span> 
     </span>
    </p>

    <p class='ocr_par' dir='ltr' id='par_1_5' title="bbox 402 2388 1592 3359">
     <span class='ocr_line' id='line_1_17' title="bbox 440 2388 1581 2487; baseline 0.005 -31"><span class='ocrx_word' id='word_1_135' title='bbox 440 2404 473 2456; x_wconf 87' lang='lat'><strong>50</strong></span> <span class='ocrx_word' id='word_1_136' title='bbox 490 2419 518 2462; x_wconf 84' lang='lat' dir='ltr'><strong>v.</strong></span> <span class='ocrx_word' id='word_1_137' title='bbox 540 2392 672 2462; x_wconf 76' lang='lat' dir='ltr'><strong>Sternlr.</strong></span> <span class='ocrx_word' id='word_1_138' title='bbox 702 2389 778 2461; x_wconf 90' lang='lat' dir='ltr'><strong>adn.</strong></span> <span class='ocrx_word' id='word_1_139' title='bbox 815 2390 889 2460; x_wconf 73' lang='lat' dir='ltr'><strong>ma.</strong></span> <span class='ocrx_word' id='word_1_140' title='bbox 913 2392 970 2460; x_wconf 88' lang='lat' dir='ltr'><strong>De</strong></span> <span class='ocrx_word' id='word_1_141' title='bbox 997 2388 1150 2462; x_wconf 85' lang='lat' dir='ltr'><strong>Sardinia</strong></span> <span class='ocrx_word' id='word_1_142' title='bbox 1177 2390 1220 2461; x_wconf 86' lang='lat' dir='ltr'><strong>cl.</strong></span> <span class='ocrx_word' id='word_1_143' title='bbox 1242 2394 1276 2460; x_wconf 88' lang='lat' dir='ltr'>X</span> <span class='ocrx_word' id='word_1_144' title='bbox 1302 2392 1352 2477; x_wconf 77' lang='lat'><strong>16,</strong></span> <span class='ocrx_word' id='word_1_145' title='bbox 1367 2415 1396 2461; x_wconf 86' lang='lat'><strong>2.</strong></span> <span class='ocrx_word' id='word_1_146' title='bbox 1426 2394 1581 2487; x_wconf 87' lang='lat' dir='ltr'><strong>Tempus</strong></span> 
     </span>
     <span class='ocr_line' id='line_1_18' title="bbox 402 2514 1581 2613; baseline 0 -26"><span class='ocrx_word' id='word_1_147' title='bbox 402 2542 472 2613; x_wconf 91' lang='lat' dir='ltr'><strong>quo</strong></span> <span class='ocrx_word' id='word_1_148' title='bbox 491 2514 644 2587; x_wconf 85' lang='lat' dir='ltr'><strong>Sardinia</strong></span> <span class='ocrx_word' id='word_1_149' title='bbox 662 2540 681 2585; x_wconf 93' lang='lat' dir='ltr'><strong>a</strong></span> <span class='ocrx_word' id='word_1_150' title='bbox 700 2517 747 2612; x_wconf 94' lang='grc' dir='ltr'><strong>Ω.</strong></span> <span class='ocrx_word' id='word_1_151' title='bbox 768 2514 907 2585; x_wconf 87' lang='lat' dir='ltr'><strong>Valerio</strong></span> <span class='ocrx_word' id='word_1_152' title='bbox 927 2515 1024 2586; x_wconf 90' lang='lat' dir='ltr'><strong>Orca</strong></span> <span class='ocrx_word' id='word_1_153' title='bbox 1041 2530 1214 2609; x_wconf 89' lang='lat' dir='ltr'><strong>occupata</strong></span> <span class='ocrx_word' id='word_1_154' title='bbox 1232 2531 1284 2586; x_wconf 90' lang='lat' dir='ltr'><strong>est</strong></span> <span class='ocrx_word' id='word_1_155' title='bbox 1302 2515 1493 2587; x_wconf 87' lang='lat' dir='ltr'><strong>accuratius</strong></span> <span class='ocrx_word' id='word_1_156' title='bbox 1513 2542 1581 2587; x_wconf 95' lang='lat' dir='ltr'><strong>non</strong></span> 
     </span>
     <span class='ocr_line' id='line_1_19' title="bbox 402 2639 1592 2738; baseline -0.002 -25"><span class='ocrx_word' id='word_1_157' title='bbox 402 2659 518 2738; x_wconf 89' lang='lat' dir='ltr'><strong>potest</strong></span> <span class='ocrx_word' id='word_1_158' title='bbox 537 2639 687 2726; x_wconf 88' lang='lat' dir='ltr'><strong>deliniri;</strong></span> <span class='ocrx_word' id='word_1_159' title='bbox 709 2641 873 2712; x_wconf 88' lang='lat' dir='ltr'><strong>habemus</strong></span> <span class='ocrx_word' id='word_1_160' title='bbox 892 2639 1042 2712; x_wconf 86' lang='lat' dir='ltr'><strong>Caesaris</strong></span> <span class='ocrx_word' id='word_1_161' title='bbox 1063 2641 1176 2711; x_wconf 92' lang='lat' dir='ltr'><strong>locum</strong></span> <span class='ocrx_word' id='word_1_162' title='bbox 1196 2642 1206 2710; x_wconf 95' lang='lat' dir='ltr'><strong>l</strong></span> <span class='ocrx_word' id='word_1_163' title='bbox 1232 2666 1284 2734; x_wconf 79' lang='lat'><strong>30,</strong></span> <span class='ocrx_word' id='word_1_164' title='bbox 1301 2666 1329 2734; x_wconf 75' lang='lat'><strong>3,</strong></span> <span class='ocrx_word' id='word_1_165' title='bbox 1357 2665 1428 2735; x_wconf 93' lang='lat' dir='ltr'><strong>quo</strong></span> <span class='ocrx_word' id='word_1_166' title='bbox 1451 2642 1592 2712; x_wconf 86' lang='lat' dir='ltr'><strong>«Cara-·</strong></span> 
     </span>
     <span class='ocr_line' id='line_1_20' title="bbox 404 2763 1582 2860; baseline -0.001 -24"><span class='ocrx_word' id='word_1_167' title='bbox 404 2767 533 2852; x_wconf 87' lang='lat' dir='ltr'><strong>litanos,</strong></span> <span class='ocrx_word' id='word_1_168' title='bbox 562 2764 659 2836; x_wconf 91' lang='lat' dir='ltr'><strong>simul</strong></span> <span class='ocrx_word' id='word_1_169' title='bbox 678 2764 722 2835; x_wconf 92' lang='lat' dir='ltr'><strong>ad</strong></span> <span class='ocrx_word' id='word_1_170' title='bbox 740 2789 778 2835; x_wconf 89' lang='lat' dir='ltr'><strong>se</strong></span> <span class='ocrx_word' id='word_1_171' title='bbox 804 2763 974 2835; x_wconf 89' lang='lat' dir='ltr'><strong>Valerium</strong></span> <span class='ocrx_word' id='word_1_172' title='bbox 1004 2763 1087 2835; x_wconf 90' lang='lat' dir='ltr'><strong>mitti</strong></span> <span class='ocrx_word' id='word_1_173' title='bbox 1114 2763 1294 2850; x_wconf 77' lang='lat' dir='ltr'><strong>audierint,</strong></span> <span class='ocrx_word' id='word_1_174' title='bbox 1323 2763 1472 2835; x_wconf 92' lang='lat' dir='ltr'><strong>nondum</strong></span> <span class='ocrx_word' id='word_1_175' title='bbox 1501 2790 1582 2860; x_wconf 91' lang='lat' dir='ltr'><strong>pro-</strong></span> 
     </span>
     <span class='ocr_line' id='line_1_21' title="bbox 404 2888 1580 2984; baseline 0.001 -24"><span class='ocrx_word' id='word_1_176' title='bbox 404 2891 498 2962; x_wconf 87' lang='lat' dir='ltr'><strong>lecto</strong></span> <span class='ocrx_word' id='word_1_177' title='bbox 516 2916 558 2961; x_wconf 90' lang='lat' dir='ltr'><strong>ex</strong></span> <span class='ocrx_word' id='word_1_178' title='bbox 579 2888 672 2960; x_wconf 90' lang='lat' dir='ltr'><strong>ltalia</strong></span> <span class='ocrx_word' id='word_1_179' title='bbox 689 2914 750 2960; x_wconf 92' lang='lat' dir='ltr'><strong>sua</strong></span> <span class='ocrx_word' id='word_1_180' title='bbox 767 2905 891 2984; x_wconf 91' lang='lat' dir='ltr'><strong>sponte</strong></span> <span class='ocrx_word' id='word_1_181' title='bbox 911 2891 1052 2961; x_wconf 88' lang='lat' dir='ltr'><strong>Cottam</strong></span> <span class='ocrx_word' id='word_1_182' title='bbox 1068 2915 1110 2960; x_wconf 90' lang='lat' dir='ltr'><strong>ex</strong></span> <span class='ocrx_word' id='word_1_183' title='bbox 1126 2889 1258 2984; x_wconf 92' lang='lat' dir='ltr'><strong>oppido</strong></span> <span class='ocrx_word' id='word_1_184' title='bbox 1273 2888 1438 2961; x_wconf 81' lang='lat' dir='ltr'><strong>eiecisse»</strong></span> <span class='ocrx_word' id='word_1_185' title='bbox 1458 2907 1580 2961; x_wconf 87' lang='lat' dir='ltr'><strong>narrat.</strong></span> 
     </span>
     <span class='ocr_line' id='line_1_22' title="bbox 404 3011 1581 3109; baseline 0 -22"><span class='ocrx_word' id='word_1_186' title='bbox 404 3015 552 3087; x_wconf 92' lang='lat' dir='ltr'><strong>Orosius</strong></span> <span class='ocrx_word' id='word_1_187' title='bbox 569 3013 698 3085; x_wconf 87' lang='lat' dir='ltr'><strong>ordinis</strong></span> <span class='ocrx_word' id='word_1_188' title='bbox 716 3013 954 3109; x_wconf 85' lang='lat' dir='ltr'><strong>chronologici</strong></span> <span class='ocrx_word' id='word_1_189' title='bbox 986 3030 1018 3084; x_wconf 92' lang='lat' dir='ltr'><strong>ut</strong></span> <span class='ocrx_word' id='word_1_190' title='bbox 1044 3013 1178 3084; x_wconf 86' lang='lat' dir='ltr'><strong>videtur</strong></span> <span class='ocrx_word' id='word_1_191' title='bbox 1204 3013 1284 3086; x_wconf 88' lang='lat' dir='ltr'><strong>satis</strong></span> <span class='ocrx_word' id='word_1_192' title='bbox 1310 3015 1507 3096; x_wconf 80' lang='lat' dir='ltr'><strong>observans,</strong></span> <span class='ocrx_word' id='word_1_193' title='bbox 1535 3011 1581 3087; x_wconf 85' lang='lat' dir='ltr'><strong>de</strong></span> 
     </span>
     <span class='ocr_line' id='line_1_23' title="bbox 403 3136 1579 3243; baseline 0 -31"><span class='ocrx_word' id='word_1_194' title='bbox 403 3139 557 3213; x_wconf 89' lang='lat' dir='ltr'><strong>Sardinia</strong></span> <span class='ocrx_word' id='word_1_195' title='bbox 575 3154 747 3233; x_wconf 90' lang='lat' dir='ltr'><strong>occupata</strong></span> <span class='ocrx_word' id='word_1_196' title='bbox 773 3154 851 3210; x_wconf 90' lang='lat' dir='ltr'><strong>ante</strong></span> <span class='ocrx_word' id='word_1_197' title='bbox 879 3137 1026 3210; x_wconf 88' lang='lat' dir='ltr'><strong>Siciliam</strong></span> <span class='ocrx_word' id='word_1_198' title='bbox 1056 3155 1165 3210; x_wconf 90' lang='lat' dir='ltr'><strong>narrat</strong></span> <span class='ocrx_word' id='word_1_199' title='bbox 1193 3136 1247 3229; x_wconf 87' lang='lat' dir='ltr'><strong>(Vl</strong></span> <span class='ocrx_word' id='word_1_200' title='bbox 1282 3163 1385 3243; x_wconf 75' lang='lat'>15,7;</span> <span class='ocrx_word' id='word_1_201' title='bbox 1413 3139 1457 3211; x_wconf 87' lang='lat' dir='ltr'><strong>cf.</strong></span> <span class='ocrx_word' id='word_1_202' title='bbox 1488 3141 1579 3212; x_wconf 85' lang='lat' dir='ltr'><strong>Flor.</strong></span> 
     </span>
     <span class='ocr_line' id='line_1_24' title="bbox 404 3263 1105 3359; baseline -0.003 -23"><span class='ocrx_word' id='word_1_203' title='bbox 404 3268 447 3337; x_wconf 87' lang='lat' dir='ltr'><strong>lV</strong></span> <span class='ocrx_word' id='word_1_204' title='bbox 468 3291 499 3353; x_wconf 73' lang='lat'><strong>2,</strong></span> <span class='ocrx_word' id='word_1_205' title='bbox 513 3263 579 3358; x_wconf 77' lang='lat'><strong>22).</strong></span> <span class='ocrx_word' id='word_1_206' title='bbox 601 3266 709 3336; x_wconf 90' lang='lat' dir='ltr'><strong>Cotta</strong></span> <span class='ocrx_word' id='word_1_207' title='bbox 728 3263 758 3334; x_wconf 94' lang='lat' dir='ltr'><strong>in</strong></span> <span class='ocrx_word' id='word_1_208' title='bbox 779 3263 926 3335; x_wconf 77' lang='lat' dir='ltr'><strong>Africam</strong></span> <span class='ocrx_word' id='word_1_209' title='bbox 947 3263 1105 3359; x_wconf 84' lang='lat' dir='ltr'><strong>profugit.</strong></span> 
     </span>
    </p>

    <p class='ocr_par' dir='ltr' id='par_1_6' title="bbox 404 3388 1582 4477">
     <span class='ocr_line' id='line_1_25' title="bbox 443 3388 1582 3484; baseline 0.008 -30"><span class='ocrx_word' id='word_1_210' title='bbox 443 3401 471 3454; x_wconf 82' lang='lat'><strong>51</strong></span> <span class='ocrx_word' id='word_1_211' title='bbox 493 3389 536 3460; x_wconf 86' lang='lat' dir='ltr'><strong>cl.</strong></span> <span class='ocrx_word' id='word_1_212' title='bbox 569 3390 605 3457; x_wconf 89' lang='lat' dir='ltr'>X</span> <span class='ocrx_word' id='word_1_213' title='bbox 644 3414 681 3481; x_wconf 87' lang='lat'><strong>17</strong></span> <span class='ocrx_word' id='word_1_214' title='bbox 714 3405 797 3458; x_wconf 89' lang='lat' dir='ltr'><strong>extr.</strong></span> <span class='ocrx_word' id='word_1_215' title='bbox 830 3388 916 3458; x_wconf 77' lang='lat' dir='ltr'><strong>Anni</strong></span> <span class='ocrx_word' id='word_1_216' title='bbox 949 3405 1083 3484; x_wconf 90' lang='lat' dir='ltr'><strong>tempus</strong></span> <span class='ocrx_word' id='word_1_217' title='bbox 1115 3389 1246 3460; x_wconf 88' lang='lat' dir='ltr'><strong>Cicero</strong></span> <span class='ocrx_word' id='word_1_218' title='bbox 1282 3388 1355 3484; x_wconf 93' lang='lat' dir='ltr'><strong>ipse</strong></span> <span class='ocrx_word' id='word_1_219' title='bbox 1389 3389 1582 3463; x_wconf 86' lang='lat' dir='ltr'><strong>accuratius</strong></span> 
     </span>
     <span class='ocr_line' id='line_1_26' title="bbox 404 3511 1580 3608; baseline 0.001 -23"><span class='ocrx_word' id='word_1_220' title='bbox 404 3514 531 3586; x_wconf 89' lang='lat' dir='ltr'><strong>indicat</strong></span> <span class='ocrx_word' id='word_1_221' title='bbox 549 3513 698 3604; x_wconf 71' lang='lat' dir='ltr'><strong>verbis§</strong></span> <span class='ocrx_word' id='word_1_222' title='bbox 724 3537 759 3605; x_wconf 76' lang='lat'><strong>3:</strong></span> <span class='ocrx_word' id='word_1_223' title='bbox 784 3513 912 3584; x_wconf 80' lang='lat' dir='ltr'><strong>«Nunc</strong></span> <span class='ocrx_word' id='word_1_224' title='bbox 940 3511 1079 3608; x_wconf 91' lang='lat' dir='ltr'><strong>quidem</strong></span> <span class='ocrx_word' id='word_1_225' title='bbox 1106 3512 1352 3607; x_wconf 87' lang='lat' dir='ltr'><strong>aequinoctium</strong></span> <span class='ocrx_word' id='word_1_226' title='bbox 1381 3539 1443 3586; x_wconf 92' lang='lat' dir='ltr'><strong>nos</strong></span> <span class='ocrx_word' id='word_1_227' title='bbox 1470 3539 1580 3586; x_wconf 91' lang='lat' dir='ltr'><strong>mora·</strong></span> 
     </span>
     <span class='ocr_line' id='line_1_27' title="bbox 404 3636 1579 3735; baseline -0.002 -24"><span class='ocrx_word' id='word_1_228' title='bbox 404 3658 466 3728; x_wconf 84' lang='lat' dir='ltr'><strong>tur,</strong></span> <span class='ocrx_word' id='word_1_229' title='bbox 500 3638 594 3735; x_wconf 91' lang='lat' dir='ltr'><strong>quod</strong></span> <span class='ocrx_word' id='word_1_230' title='bbox 627 3637 726 3708; x_wconf 88' lang='lat' dir='ltr'><strong>valde</strong></span> <span class='ocrx_word' id='word_1_231' title='bbox 758 3637 989 3732; x_wconf 84' lang='lat' dir='ltr'><strong>perturbatum</strong></span> <span class='ocrx_word' id='word_1_232' title='bbox 1017 3654 1124 3723; x_wconf 79' lang='lat' dir='ltr'><strong>erat»,</strong></span> <span class='ocrx_word' id='word_1_233' title='bbox 1162 3636 1285 3733; x_wconf 88' lang='lat' dir='ltr'><strong>quibus</strong></span> <span class='ocrx_word' id='word_1_234' title='bbox 1311 3636 1353 3709; x_wconf 90' lang='lat' dir='ltr'><strong>ad</strong></span> <span class='ocrx_word' id='word_1_235' title='bbox 1382 3637 1579 3710; x_wconf 80' lang='lat' dir='ltr'><strong>liuiusanni</strong></span> 
     </span>
     <span class='ocr_line' id='line_1_28' title="bbox 404 3761 1582 3858; baseline -0.002 -23"><span class='ocrx_word' id='word_1_236' title='bbox 404 3764 569 3836; x_wconf 93' lang='lat' dir='ltr'><strong>rationem</strong></span> <span class='ocrx_word' id='word_1_237' title='bbox 590 3761 871 3856; x_wconf 87' lang='lat' dir='ltr'><strong>chronologicam</strong></span> <span class='ocrx_word' id='word_1_238' title='bbox 891 3761 1166 3833; x_wconf 90' lang='lat' dir='ltr'><strong>constituendem</strong></span> <span class='ocrx_word' id='word_1_239' title='bbox 1188 3778 1282 3833; x_wconf 87' lang='lat' dir='ltr'><strong>recte</strong></span> <span class='ocrx_word' id='word_1_240' title='bbox 1303 3788 1379 3834; x_wconf 91' lang='lat' dir='ltr'><strong>usus</strong></span> <span class='ocrx_word' id='word_1_241' title='bbox 1398 3779 1450 3833; x_wconf 92' lang='lat' dir='ltr'><strong>est</strong></span> <span class='ocrx_word' id='word_1_242' title='bbox 1461 3765 1582 3858; x_wconf 90' lang='lat' dir='ltr'><strong>Unger</strong></span> 
     </span>
     <span class='ocr_line' id='line_1_29' title="bbox 405 3884 1581 3990; baseline 0.001 -32"><span class='ocrx_word' id='word_1_243' title='bbox 405 3888 435 3958; x_wconf 92' lang='lat' dir='ltr'><strong>in</strong></span> <span class='ocrx_word' id='word_1_244' title='bbox 465 3887 636 3960; x_wconf 81' lang='lat' dir='ltr'><strong>Fleckeis.</strong></span> <span class='ocrx_word' id='word_1_245' title='bbox 665 3890 749 3957; x_wconf 81' lang='lat' dir='ltr'><strong>Ann.</strong></span> <span class='ocrx_word' id='word_1_246' title='bbox 778 3903 799 3957; x_wconf 92' lang='lat' dir='ltr'><strong>t.</strong></span> <span class='ocrx_word' id='word_1_247' title='bbox 835 3888 996 3957; x_wconf 83' lang='lat' dir='ltr'><strong>CXXIX</strong></span> <span class='ocrx_word' id='word_1_248' title='bbox 1028 3884 1146 3980; x_wconf 79' lang='lat'>(1884)</span> <span class='ocrx_word' id='word_1_249' title='bbox 1178 3910 1210 3980; x_wconf 89' lang='lat' dir='ltr'><strong>p.</strong></span> <span class='ocrx_word' id='word_1_250' title='bbox 1249 3887 1324 3990; x_wconf 71' lang='lat'><strong>587.</strong></span> <span class='ocrx_word' id='word_1_251' title='bbox 1357 3887 1472 3957; x_wconf 85' lang='lat' dir='ltr'><strong>Verba</strong></span> <span class='ocrx_word' id='word_1_252' title='bbox 1502 3911 1581 3982; x_wconf 87' lang='lat' dir='ltr'><strong>quae</strong></span> 
     </span>
     <span class='ocr_line' id='line_1_30' title="bbox 404 4007 1582 4098; baseline -0.001 -14"><span class='ocrx_word' id='word_1_253' title='bbox 404 4028 565 4084; x_wconf 89' lang='lat' dir='ltr'><strong>secuntur</strong></span> <span class='ocrx_word' id='word_1_254' title='bbox 595 4012 682 4082; x_wconf 91' lang='lat' dir='ltr'><strong>male</strong></span> <span class='ocrx_word' id='word_1_255' title='bbox 713 4011 834 4082; x_wconf 91' lang='lat' dir='ltr'><strong>tradita</strong></span> <span class='ocrx_word' id='word_1_256' title='bbox 865 4011 998 4083; x_wconf 92' lang='lat' dir='ltr'><strong>suntin</strong></span> <span class='ocrx_word' id='word_1_257' title='bbox 1026 4007 1231 4098; x_wconf 74' lang='lat' dir='ltr'><strong>codicibus‚&#39;</strong></span> <span class='ocrx_word' id='word_1_258' title='bbox 1250 4027 1285 4080; x_wconf 90' lang='lat' dir='ltr'><strong>ut</strong></span> <span class='ocrx_word' id='word_1_259' title='bbox 1311 4026 1441 4081; x_wconf 89' lang='lat' dir='ltr'><strong>certum</strong></span> <span class='ocrx_word' id='word_1_260' title='bbox 1471 4011 1515 4081; x_wconf 84' lang='lat' dir='ltr'><strong>de</strong></span> <span class='ocrx_word' id='word_1_261' title='bbox 1544 4011 1582 4084; x_wconf 92' lang='lat' dir='ltr'><strong>iis</strong></span> 
     </span>
     <span class='ocr_line' id='line_1_31' title="bbox 404 4134 1581 4230; baseline -0.001 -22"><span class='ocrx_word' id='word_1_262' title='bbox 404 4153 552 4208; x_wconf 88' lang='lat' dir='ltr'><strong>statuere</strong></span> <span class='ocrx_word' id='word_1_263' title='bbox 573 4161 639 4206; x_wconf 94' lang='lat' dir='ltr'><strong>non</strong></span> <span class='ocrx_word' id='word_1_264' title='bbox 660 4135 779 4221; x_wconf 72' lang='lat' dir='ltr'><strong>liceat3</strong></span> <span class='ocrx_word' id='word_1_265' title='bbox 808 4135 876 4206; x_wconf 88' lang='lat' dir='ltr'><strong>veri</strong></span> <span class='ocrx_word' id='word_1_266' title='bbox 896 4134 1003 4207; x_wconf 90' lang='lat' dir='ltr'><strong>simile</strong></span> <span class='ocrx_word' id='word_1_267' title='bbox 1023 4134 1101 4204; x_wconf 84' lang='lat' dir='ltr'><strong>mihi</strong></span> <span class='ocrx_word' id='word_1_268' title='bbox 1122 4151 1233 4205; x_wconf 90' lang='lat' dir='ltr'><strong>tamen</strong></span> <span class='ocrx_word' id='word_1_269' title='bbox 1254 4134 1387 4206; x_wconf 84' lang='lat' dir='ltr'><strong>videtur</strong></span> <span class='ocrx_word' id='word_1_270' title='bbox 1404 4134 1581 4230; x_wconf 88' lang='lat' dir='ltr'><strong>scripsisse</strong></span> 
     </span>
     <span class='ocr_line' id='line_1_32' title="bbox 405 4257 1581 4347; baseline -0.003 -15"><span class='ocrx_word' id='word_1_271' title='bbox 405 4261 633 4332; x_wconf 91' lang='lat' dir='ltr'><strong>Ciceronem:</strong></span> <span class='ocrx_word' id='word_1_272' title='bbox 659 4257 713 4330; x_wconf 83' lang='lat' dir='ltr'><strong>«id</strong></span> <span class='ocrx_word' id='word_1_273' title='bbox 733 4259 758 4329; x_wconf 94' lang='lat' dir='ltr'><strong>si</strong></span> <span class='ocrx_word' id='word_1_274' title='bbox 787 4259 965 4347; x_wconf 75' lang='lat' dir='ltr'><strong>transierit,</strong></span> <span class='ocrx_word' id='word_1_275' title='bbox 993 4259 1116 4331; x_wconf 92' lang='lat' dir='ltr'><strong>utinam</strong></span> <span class='ocrx_word' id='word_1_276' title='bbox 1146 4258 1235 4330; x_wconf 90' lang='lat' dir='ltr'><strong>idem</strong></span> <span class='ocrx_word' id='word_1_277' title='bbox 1265 4275 1399 4331; x_wconf 89' lang='lat' dir='ltr'><strong>maneat</strong></span> <span class='ocrx_word' id='word_1_278' title='bbox 1429 4262 1581 4331; x_wconf 85' lang='lat' dir='ltr'><strong>Horten-</strong></span> 
     </span>
     <span class='ocr_line' id='line_1_33' title="bbox 405 4383 1582 4477; baseline -0.002 -21"><span class='ocrx_word' id='word_1_279' title='bbox 405 4385 505 4456; x_wconf 80' lang='lat' dir='ltr'><strong>sius».</strong></span> <span class='ocrx_word' id='word_1_280' title='bbox 527 4385 594 4457; x_wconf 86' lang='lat' dir='ltr'><strong>Cd.</strong></span> <span class='ocrx_word' id='word_1_281' title='bbox 621 4408 716 4457; x_wconf 76' lang='lat' dir='ltr'><strong>«cras</strong></span> <span class='ocrx_word' id='word_1_282' title='bbox 734 4384 839 4466; x_wconf 78' lang='lat' dir='ltr'><strong>erit»;</strong></span> <span class='ocrx_word' id='word_1_283' title='bbox 859 4385 903 4455; x_wconf 86' lang='lat' dir='ltr'><strong>el.</strong></span> <span class='ocrx_word' id='word_1_284' title='bbox 924 4384 967 4455; x_wconf 93' lang='lat' dir='ltr'><strong>ad</strong></span> <span class='ocrx_word' id='word_1_285' title='bbox 977 4388 1044 4454; x_wconf 82' lang='lat' dir='ltr'><strong>nn.</strong></span> <span class='ocrx_word' id='word_1_286' title='bbox 1066 4386 1091 4453; x_wconf 95' lang='lat' dir='ltr'><strong>ll</strong></span> <span class='ocrx_word' id='word_1_287' title='bbox 1113 4408 1167 4471; x_wconf 77' lang='lat'><strong>21,</strong></span> <span class='ocrx_word' id='word_1_288' title='bbox 1182 4407 1219 4454; x_wconf 83' lang='lat'><strong>2:</strong></span> <span class='ocrx_word' id='word_1_289' title='bbox 1245 4383 1438 4455; x_wconf 82' lang='lat' dir='ltr'><strong>«transitum</strong></span> <span class='ocrx_word' id='word_1_290' title='bbox 1450 4400 1582 4477; x_wconf 90' lang='lat' dir='ltr'><strong>tempe-</strong></span> 
     </span>
    </p>
   </div>
   <div class='ocr_carea' id='block_1_4' title="bbox 405 4493 1582 4607">
    <p class='ocr_par' dir='ltr' id='par_1_7' title="bbox 405 4493 1582 4607">
     <span class='ocr_line' id='line_1_34' title="bbox 405 4493 1582 4607; baseline -0.001 -22"><span class='ocrx_word' id='word_1_291' title='bbox 405 4511 499 4585; x_wconf 91' lang='lat' dir='ltr'><strong>statis</strong></span> <span class='ocrx_word' id='word_1_292' title='bbox 517 4527 704 4607; x_wconf 87' lang='lat' dir='ltr'><strong>expectare</strong></span> <span class='ocrx_word' id='word_1_293' title='bbox 713 4541 738 4582; x_wconf 79' lang='lat' dir='ltr'><strong>i.</strong></span> <span class='ocrx_word' id='word_1_294' title='bbox 760 4493 925 4582; x_wconf 86' lang='lat' dir='ltr'><strong>Ceterum</strong></span> <span class='ocrx_word' id='word_1_295' title='bbox 946 4510 1064 4583; x_wconf 91' lang='lat' dir='ltr'><strong>nescio</strong></span> <span class='ocrx_word' id='word_1_296' title='bbox 1083 4535 1126 4582; x_wconf 89' lang='lat' dir='ltr'><strong>an</strong></span> <span class='ocrx_word' id='word_1_297' title='bbox 1150 4509 1266 4582; x_wconf 92' lang='lat' dir='ltr'><strong>mirum</strong></span> <span class='ocrx_word' id='word_1_298' title='bbox 1286 4508 1336 4597; x_wconf 88' lang='lat' dir='ltr'><strong>sit,</strong></span> <span class='ocrx_word' id='word_1_299' title='bbox 1366 4508 1461 4604; x_wconf 92' lang='lat' dir='ltr'><strong>quod</strong></span> <span class='ocrx_word' id='word_1_300' title='bbox 1480 4508 1512 4580; x_wconf 94' lang='lat' dir='ltr'><strong>in</strong></span> <span class='ocrx_word' id='word_1_301' title='bbox 1538 4534 1582 4584; x_wconf 88' lang='lat' dir='ltr'><strong>ea</strong></span> 
     </span>
    </p>
   </div>
   <div class='ocr_carea' id='block_1_5' title="bbox 0 0 1703 5268">
    <p class='ocr_par' dir='ltr' id='par_1_8' title="bbox 0 0 1703 5268">
     <span class='ocr_line' id='line_1_35' title="bbox 0 0 1703 5268; baseline 0 0"><span class='ocrx_word' id='word_1_302' title='bbox 0 0 1703 5268; x_wconf 95' lang='lat' dir='ltr'><strong> </strong></span> 
     </span>
    </p>
   </div>
  </div>
 </body>
</html>
