3374 5272
671 1181 988 1252 PRAEFATJO„

309 1493 439 1563 Rerum
459 1489 577 1562 indea
602 1516 640 1587 17
662 1492 764 1562 Mart.
785 1515 813 1561 a.
835 1515 882 1585 49
901 1492 1071 1586 usquead
1090 1517 1112 1586 9
1131 1494 1223 1564 Sext.
1243 1493 1410 1586 a.48ge-
1483 1551 1500 1581 „

233 1632 358 1686 starum
386 1613 551 1686 memoria
578 1630 613 1684 ut
639 1615 682 1685 ab
709 1614 801 1685 omni
830 1631 925 1709 parte
953 1614 1069 1710 quoad
1096 1615 1169 1688 eius
1196 1617 1267 1688 fieri
1295 1633 1410 1712 potest

235 1738 471 1836 perspiciatur,
491 1738 569 1810 duae
584 1737 680 1834 quasi
696 1755 810 1834 partes
825 1737 1078 1834 distinguendae
1092 1756 1168 1810 sunt
1183 1739 1305 1812 vicinae
1325 1740 1411 1811 inter

234 1888 271 1934 se
292 1887 356 1934 nec
376 1888 442 1935 non
462 1864 568 1935 altera
586 1887 664 1934 cum
687 1861 824 1934 alterius
851 1862 983 1934 ratione
1011 1846 1240 1951 cohaerentes,
1269 1888 1409 1959 quarum

236 2006 348 2059 tamen
369 2014 436 2059 non
456 1988 578 2059 eadem
597 2012 671 2058 sors
691 1986 794 2058 luisse
816 1987 950 2058 videtur
977 1986 1008 2057 in
1037 1986 1123 2059 illius
1150 1988 1314 2083 temporis
1341 2012 1412 2059 me-

237 2112 344 2183 moria
370 2111 572 2207 indaganda.
605 2114 676 2182 Res
703 2111 792 2182 enim
820 2110 921 2182 armis
948 2112 1112 2207 belloque
1138 2127 1248 2206 gestae
1273 2130 1307 2182 ut
1332 2110 1412 2182 satis

237 2236 349 2331 ampla
375 2253 552 2307 auctorum
580 2251 733 2306 veterum
762 2235 955 2306 narratione
983 2234 1119 2306 abunde
1149 2235 1247 2306 nobis
1278 2234 1412 2307 traditae

234 2377 321 2448 sunt,
333 2360 378 2432 ita
387 2359 540 2432 adbibita
550 2361 681 2432 ratione
699 2359 1140 2455 geographicaablruiusce
1159 2359 1270 2430 aetatis
1290 2375 1410 2431 aucto-

237 2484 327 2556 ribus
355 2485 400 2556 ita
426 2487 616 2580 exploratae
643 2500 730 2565 sunt,
760 2500 794 2553 ut
822 2483 852 2552 in
873 2484 939 2554 bac
958 2483 1097 2578 quidem
1119 2510 1153 2555 re
1174 2525 1218 2533 —
1239 2484 1298 2554 nisi
1325 2508 1413 2555 nova

236 2609 349 2681 adlata
368 2608 508 2681 materia
526 2608 789 2704 topograpbica‚
810 2610 901 2679 velut
921 2607 966 2679 de
981 2609 1132 2680 Caesaris
1147 2625 1182 2679 et
1199 2608 1344 2704 Pompei
1361 2607 1412 2679 iti-

238 2733 373 2805 neribus
393 2751 471 2829 post
491 2758 636 2829 pugnam
660 2733 933 2828 Dyrrhachinam
954 2732 1052 2804 factis
1073 2775 1115 2781 —
1137 2733 1310 2804 hominum
1327 2732 1413 2804 doc-

239 2876 349 2930 torum
369 2882 510 2953 operam
532 2883 599 2929 non
620 2857 757 2927 nimium
778 2856 984 2928 desideres*

316 2985 459 3054 Prorsus
490 2983 588 3053 aliter
615 2981 659 3053 de
682 2983 789 3053 altera
816 2999 912 3077 parte
932 2981 1151 3052 iudicandum
1170 3000 1233 3069 est,
1260 3008 1313 3054 res
1332 2981 1413 3054 dico

241 3123 365 3201 praeter
383 3130 513 3201 pugnas
533 3105 755 3202 militiamque
773 3122 905 3208 gestas3
926 3131 1011 3200 quas
1027 3124 1061 3176 ut
1076 3130 1328 3200 cognoscamus
1345 3132 1411 3178 non

241 3231 344 3302 multa
367 3229 464 3301 nobis
486 3194 684 3326 suppeditat
712 3229 950 3300 historicorum
978 3247 1130 3301 veterum
1159 3230 1318 3317 narratio,
1346 3255 1414 3325 qua

316 3490 325 3509 ¹
346 3486 495 3533 Potissimos
514 3494 539 3532 ut
557 3486 644 3546 paucis
662 3501 818 3541 enumerem,
839 3487 965 3533 maximum
985 3486 1043 3532 belli
1056 3485 1133 3532 civilis
1151 3493 1248 3545 partem
1267 3488 1415 3545 complexus

240 3584 279 3621 est
297 3575 386 3626 Gbler,
415 3575 516 3621 Caesars
540 3575 674 3634 gallisclrer
699 3575 777 3634 l<rieg
803 3573 852 3620 und
879 3575 953 3620 Teile
978 3574 1063 3620 seinos
1091 3574 1298 3634 Bdrgerlrrieges.
1318 3575 1414 3621 Zweite

239 3663 454 3724 durchgesehene
473 3662 522 3709 und
541 3664 659 3724 erganzte
678 3663 792 3723 Aullage.
818 3663 952 3723 Tiibingen
974 3664 1040 3707 1880.
1060 3663 1091 3708 T.
1113 3664 1141 3708 ll.
1163 3663 1210 3708 Cui
1229 3677 1292 3709 nova
1309 3661 1415 3710 addide-

241 3761 297 3799 runt
315 3767 363 3813 pro
380 3753 449 3799 bello
468 3753 628 3812 Hispaniensi
646 3753 701 3797 anni
720 3765 765 3809 ,ως
793 3766 876 3812 nuper
902 3755 932 3799 R.
960 3751 1108 3803 Schneider.
1138 3750 1228 3798 llerda.
1251 3753 1293 3798 Ein
1313 3753 1416 3814 Beitrag

240 3856 285 3889 zur
302 3841 364 3888 rbm.
384 3841 632 3902 Kriegsgescbichte.
662 3840 771 3887 Berolini
798 3841 873 3893 1886;
899 3840 932 3886 de
957 3839 1091 3887 obsidione
1119 3841 1285 3887 Massiliensi:
1310 3842 1412 3902 Rouby,

243 3933 279 3978 Le
296 3929 367 3991 siege
392 3928 426 3977 de
446 3931 575 3978 Marseille
600 3944 646 3990 par
670 3931 741 3976 lules
768 3927 857 3976 Cesar.
885 3930 1039 3988 Spectateur
1063 3928 1169 3989 militair.
1200 3930 1269 3976 Paris
1290 3931 1364 3987 1876;
1381 3928 1415 3977 de

241 4021 319 4068 rebus
336 4020 358 4065 in
377 4019 477 4066 Graecia
495 4019 572 4080 gestis
591 4020 830 4079 Heuzey-Daumet‚
853 4018 956 4064 Mission
977 4018 1180 4078 archeologique
1199 4032 1229 4064 en
1250 4017 1413 4066 Maccdoine.

205 4088 212 4102 ⁵
243 4109 314 4156 Paris
333 4109 400 4166 1873.
419 4108 536 4154 Curionis
554 4106 707 4167 expeditioni
726 4107 833 4153 feliciter
850 4120 956 4166 operam
976 4107 1071 4152 navavit
1085 4107 1116 4154 G.
1131 4107 1226 4157 Tissot.
1244 4107 1278 4152 La
1291 4107 1414 4166 province

243 4197 353 4245 romaine
379 4196 522 4256 d'Asrique.
550 4204 609 4243 tom.
638 4198 655 4242 l.
675 4198 773 4243 Praeter
798 4209 864 4254 quos
891 4195 1069 4242 Kranerianam
1094 4195 1203 4241 Caesaris
1228 4194 1365 4242 editionem
1382 4196 1415 4242 ab

245 4285 387 4333 Holmanno
405 4295 516 4333 curatam
530 4287 650 4347 (Berolinl
663 4285 730 4346 apud
744 4283 937 4353 Weidmannos)
949 4283 1061 4330 adhibui.
1076 4285 1191 4331 Accessit
1205 4298 1287 4343 nuper
1300 4286 1415 4346 Heuzeyi

244 4374 343 4422 libellus
360 4374 546 4422 Observations
564 4389 607 4421 sur
625 4376 662 4420 les
687 4372 836 4434 operations
860 4373 987 4419 militaires
1005 4372 1038 4419 de
1055 4374 1126 4419 lules
1144 4372 1233 4419 cesar.
1256 4374 1326 4419 Paris
1347 4375 1413 4427 1886,

241 4463 314 4513 cuius
332 4463 387 4509 milri
407 4477 477 4509 usum
497 4461 606 4508 nondum
626 4462 737 4521 patuisse
755 4459 829 4507 valde
848 4459 934 4507 doleo.
