3374 5272
1382 451 1422 531 45

255 628 334 702 inde
348 629 482 703 videtur
496 633 647 728 petenda
661 658 749 719 esse,
761 633 854 729 quod
870 649 1000 707 mutato
1018 659 1128 706 rerum
1147 633 1268 706 ordine
1288 635 1429 707 Liviano

254 780 333 850 quae
353 781 419 826 non
439 782 507 827 uno
526 759 607 829 loco
627 756 681 829 ille
704 759 900 853 protulerat,
933 785 1000 829 non
1026 758 1107 830 satis
1125 757 1316 854 diligenter,
1348 760 1426 832 dum

254 879 374 950 rationi
385 881 631 977 geographicae
651 882 682 953 in
702 882 803 955 rebus
814 883 1037 979 disponendis
1051 884 1263 978 obsequitur,
1279 885 1310 955 in
1327 912 1426 957 unum

253 1004 508 1100 conglutinavit.
549 1007 680 1079 Possim
712 1008 833 1089 afferre
864 1011 1041 1105 complura
1067 1009 1131 1080 alia
1158 1008 1316 1105 vestigia;
1349 1037 1428 1106 quae

254 1145 366 1200 tamen
386 1129 429 1201 ad
449 1156 502 1202 res
520 1149 577 1203 aut
595 1149 673 1204 ante
692 1148 749 1204 aut
768 1149 845 1229 post
865 1150 999 1229 tempus
1018 1133 1115 1205 nobis
1127 1133 1339 1230 propositum
1352 1160 1429 1230 per-

255 1252 382 1339 tinent;
413 1253 528 1350 itaque
557 1255 653 1328 huius
681 1257 747 1328 loci
776 1282 843 1328 non
871 1273 923 1329 est
950 1283 1019 1329 rem
1041 1257 1138 1328 latius
1156 1258 1356 1345 extendere,
1376 1258 1430 1330 alii

258 1379 335 1450 loco
354 1379 591 1452 reservandam
612 1398 706 1478 puto.

294 1513 323 1566 73
347 1506 403 1574 De
432 1503 538 1599 prima
565 1504 637 1576 libri
666 1509 716 1577 Xl
735 1506 777 1579 ad
805 1506 952 1578 Atticum
980 1505 1126 1602 epistula
1154 1505 1316 1601 numquid
1344 1507 1428 1579 certi

254 1627 351 1699 statui
373 1628 478 1723 possit
496 1629 635 1716 dubito;
656 1631 783 1727 scripta
800 1648 852 1702 est
869 1630 1044 1727 aliquanto
1067 1648 1145 1726 post
1173 1629 1359 1702 Ciceronis
1386 1657 1428 1702 ex

255 1751 347 1823 ltalia
365 1751 566 1842 discessum,
586 1754 681 1850 quod
700 1772 841 1851 apparet
867 1781 887 1826 e
914 1753 1027 1827 verbis
1056 1755 1074 1843 ,S
1107 1779 1144 1825 2:
1177 1772 1429 1827 «commoratus

255 1901 366 1947 essem
387 1876 571 1973 paullisper
589 1903 654 1950 nec
681 1879 890 1952 domesticas
918 1905 970 1951 res
998 1879 1177 1975 impeditas
1205 1878 1428 1973 reliquissem,

255 2001 302 2071 ob
319 2026 467 2095 eamque
486 2027 622 2075 causam
642 2003 748 2076 serius
771 2005 814 2076 ad
842 2022 875 2076 te
902 2004 1018 2076 scribo
1044 2021 1135 2077 etc«.
1166 2004 1304 2102 Quodsi
1333 2030 1430 2076 com-

255 2150 412 2220 paramus
429 2128 534 2198 verba
553 2127 572 2217 ξ
595 2152 612 2197 2
638 2153 725 2222 «ego
744 2128 774 2199 in
795 2129 997 2224 cistophoro
1016 2128 1047 2199 in
1068 2128 1146 2200 Asia
1164 2128 1277 2200 habeo
1295 2127 1338 2199 ad
1369 2131 1429 2200 HS

256 2249 306 2322 bis
324 2267 358 2322 et
376 2250 501 2323 vicies«
524 2268 558 2324 et
575 2277 630 2348 ep.
659 2252 702 2324 ad
728 2256 796 2324 An.
824 2256 874 2324 Xl
895 2278 926 2341 2,
943 2278 978 2348 3:
1011 2255 1082 2324 «Ex
1109 2279 1151 2325 ea
1178 2252 1325 2348 pecunia
1350 2277 1429 2347 quae

255 2373 315 2446 luit
338 2374 369 2444 in
396 2374 476 2448 Asia
503 2393 632 2472 partem
661 2376 834 2450 dimidiam
863 2377 1072 2482 lere'exegi.
1102 2376 1224 2449 Tutius
1251 2377 1430 2448 videbatur

255 2499 328 2570 lore
348 2498 392 2570 ibi
413 2499 468 2570 ubi
496 2518 556 2582 est,
585 2527 686 2596 quam
713 2502 806 2598 apud
834 2503 1056 2599 publicanos»
1089 2502 1229 2574 —veri
1259 2503 1294 2572 fit
1320 2501 1428 2572 simile

257 2622 435 2712 Ciceroni,
455 2649 533 2697 cum
554 2624 608 2697 illa
634 2626 781 2721 scripsit,
806 2628 955 2700 nondum
983 2629 1118 2700 allatum
1147 2625 1249 2698 luisse
1278 2625 1427 2699 nuntium

254 2748 298 2820 de
317 2749 457 2821 turbatis
475 2774 494 2821 a
513 2749 675 2846 Scipione
695 2753 796 2823 rebus
815 2750 846 2821 in
865 2752 956 2837 Asia,
976 2751 1020 2823 de
1039 2751 1163 2845 quibus
1177 2750 1221 2823 cl.
1238 2752 1331 2822 Caes.
1349 2750 1426 2821 bell.

254 2871 317 2944 civ.
338 2875 391 2958 lll,
416 2899 467 2968 32.
490 2915 534 2924 -
557 2878 614 2945 De
633 2899 688 2970 ep.
708 2875 751 2947 ad
774 2878 840 2946 nn.
866 2879 916 2947 Xl
946 2901 963 2945 2
989 2876 1032 2947 cl.
1063 2875 1082 2963 ξ
1118 2901 1125 2945 i
1164 2874 1329 2946 «litteras
1356 2890 1429 2945 tuas

253 2997 376 3093 accepi
409 2997 516 3093 pridie
545 3000 625 3070 Non
655 3001 778 3071 Febr«
809 3017 843 3072 et
871 3001 889 3090 ξ
918 3025 958 3094 4:
992 2999 1159 3072 «Tardius
1185 2998 1228 3071 ad
1256 3016 1289 3070 te
1317 2997 1427 3069 remisi

254 3122 497 3194 tabellarium.»
533 3124 698 3195 Ceterum
719 3123 839 3196 dubito
863 3152 939 3197 num
961 3142 1055 3197 recte
1079 3125 1122 3197 ad
1151 3125 1427 3197 Caesarianorum

255 3245 393 3343 aliquod
425 3245 606 3342 diripiendi
639 3248 828 3336 consilium,
861 3249 905 3322 de
937 3277 1007 3346 quo
1038 3248 1174 3321 aliunde
1207 3249 1249 3320 nil
1281 3266 1426 3336 constat,

258 3371 346 3441 Boot
366 3371 540 3447 rettulerit.
560 3396 639 3466 quae
658 3371 703 3443 de
722 3372 828 3444 domo
847 3398 907 3445 sua
926 3375 945 3461 ξ
971 3400 983 3466 3
1007 3373 1139 3444 Cicero
1157 3372 1302 3443 scribit*

291 3506 324 3557 74
344 3495 560 3591 Praecipuum
581 3499 693 3568 locum
713 3498 870 3570 obtinere
889 3499 1061 3569 transitum
1076 3497 1213 3569 Antonii
1229 3497 1315 3568 inter
1329 3523 1382 3570 res
1396 3524 1425 3570 a.

254 3620 300 3712 48
319 3619 350 3690 in
370 3620 512 3692 Graecia
537 3637 651 3715 gestas
679 3648 745 3692 non
774 3622 916 3717 ignorat,
945 3622 1097 3719 quisquis
1125 3640 1251 3717 praeter
1277 3614 1428 3694 Caesaris

254 3743 341 3815 illam
361 3743 485 3816 callide
504 3747 685 3817 obscuram
707 3747 913 3842 reliquorum
941 3773 1082 3843 quoque
1109 3765 1286 3818 auctorum
1315 3771 1427 3819 narra-

253 3867 364 3940 tiones
382 3869 545 3964 perlegit3
565 3870 701 3941 Antonii
721 3871 809 3942 enim
838 3871 983 3944 adventu
1012 3897 1031 3943 e
1058 3896 1191 3942 summo
1218 3869 1425 3959 discrimine,

253 3992 347 4087 quod
368 3993 468 4065 nimia
485 3993 629 4065 audacia
656 3995 730 4089 ipse
757 3995 952 4074 incurrerat,
982 3998 1104 4067 Caesar
1130 4013 1279 4090 ereptus,
1307 3995 1426 4066 castris

252 4117 295 4189 ad
314 4121 442 4214 Apsum
463 4118 535 4189 finis
555 4118 732 4214 impositus
750 4138 812 4209 est,
841 4146 893 4192 res
911 4121 954 4193 ad
973 4121 1189 4193 obsidionem
1217 4119 1445 4217 Dyrrhachi-7

328 4353 337 4372 ·
358 4349 516 4410 Chrysippus
533 4350 639 4395 libertus
657 4349 789 4396 Ciceronis
808 4364 864 4395 num
878 4351 1014 4409 ingratiam
1034 4349 1137 4396 redierit
1156 4362 1211 4396 curn
1225 4356 1333 4407 patrono
1347 4349 1426 4395 incer-

253 4450 303 4487 tum
323 4449 379 4496 est;
398 4438 519 4485 habemus
537 4441 642 4485 alterum
662 4439 841 4499 Chrysippum.
861 4439 921 4500 Cyri
938 4437 1057 4487 urclulecli
1068 4439 1187 4486 libertum
1201 4437 1242 4500 (cl.
1255 4435 1287 4484 ad
1300 4441 1350 4484 An.
1365 4439 1424 4484 Xlll

254 4543 290 4585 29,
311 4530 341 4591 a).
361 4528 395 4575 de
413 4541 465 4587 qun
482 4528 569 4575 nescio
587 4542 616 4574 an
633 4528 672 4575 hic
690 4528 784 4575 Cicero
802 4531 926 4588 loquatur.
